2894 4823
643 224 900 297 Lrn.
1000 220 1347 304 XXXV..
1469 221 1729 297 Car.
1830 228 1888 300 Ι.

273 400 481 499 Syriae
507 421 801 496 regnum
835 395 1032 470 velut
1060 405 1427 492 paternum
1458 399 1670 471 armis
1699 418 2054 497 repeteret
2087 427 2106 476 ε
2176 415 2204 461 7
2229 405 2305 481 δε

267 497 510 596 nequid
547 494 1013 572 contumeliae
1044 492 1304 568 deeffet
1332 547 1359 584 ‚
1406 517 1664 570 nomen
1699 501 1769 573 ei
1807 503 2167 574 Alexandri
2199 505 2302 578 in.

266 597 436 672 ditur
463 650 490 687 ‚
535 595 955 694 genitusque
981 592 1068 665 ab
1104 591 1468 666 Antiocho
1497 617 1667 691 rege
1698 597 1977 671 dicitur.
2043 598 2070 645 ⁸
2101 601 2293 675 Tan-

267 712 399 768 tum
444 693 685 767 odium
728 690 1084 778 Demetrii
1113 689 1299 786 apud
1351 713 1600 765 omnes
1650 714 1798 766 erat
1836 752 1855 783 ,
1910 716 1988 770 ut
2014 702 2288 773 aemulo

264 793 395 888 ejus
418 814 560 865 non
606 792 797 864 vires
834 789 1071 884 regiae
1112 806 1428 875 tantum,
1477 811 1722 862 verum
1753 794 1967 866 etiam
2011 799 2290 890 generis

256 891 568 967 nobilitas
618 887 950 966 consensu
1001 885 1321 963 omnium
1376 884 1813 964 tribueretur.
1874 893 2155 991 ’igitur
2183 899 2281 968 A·

2039 991 2284 1068 lexan-

2178 236 2319 329 613

260 1202 518 1251 emendatio
560 1202 664 1263 est,
694 1202 759 1251 ita
789 1213 1000 1261 namque
1038 1199 1123 1248 ille
1156 1201 1226 1248 A·
1301 1210 1414 1246 men
1449 1198 1661 1261 pupilli,
1692 1211 1772 1250 aut
1816 1200 1908 1250 filii
1961 1203 2221 1266 Antiochi,
2251 1221 2280 1259 a

260 1264 479 1314 lexander
534 1265 807 1314 dicebatur.
874 1267 927 1312 ln
979 1265 1111 1312 MSS.
1178 1264 1223 1311 ὗε
1298 1262 1555 1312 Demetrio
1596 1264 1770 1322 oecifi,
1805 1267 1936 1323 quod
1957 1266 2049 1315 fuit
2081 1270 2307 1331 Rapum.

254 1324 469 1386 Impreffis
502 1330 625 1377 nibil
654 1327 865 1378 subfidii.
909 1329 961 1375 In
979 1327 1036 1376 iis
1058 1326 1223 1373 omnia

256 1386 351 1437 sunt
414 1392 680 1442 focdissime
746 1390 993 1450 inquinata
1033 1402 1051 1446 ;
1120 1389 1224 1436 Alii

1300 1328 1393 1384 νὴ,
1426 1329 1468 1373 δι
1490 1328 1553 1375 fic
1585 1326 1762 1374 restitui
1799 1330 1930 1385 poffe
1961 1330 2124 1377 omnia
2143 1349 2155 1376 ι
2168 1333 2274 1390 fiab-

1299 1401 1466 1436 0rnane
1499 1401 1587 1451 pro
1621 1391 1847 1449 Eupatore
1870 1393 2032 1439 Belem
2048 1397 2274 1456 quendam.

254 1453 369 1500 enim
400 1456 578 1503 habent
583 1457 818 1517 propalam
835 1487 852 1505 .
881 1452 964 1500 alii
984 1453 1225 1512 propalam,

252 1513 334 1564 διο.
379 1518 566 1566 Fauna.
631 1516 912 1566 Gronovius
968 1514 1221 1563 Observat.

249 1587 311 1623 lv·
354 1592 422 1628 10·
487 1581 536 1629 δι
597 1581 844 1639 Rupertus
899 1577 1103 1626 ObserV.
1136 1578 1219 1625 ·ad

251 1637 357 1690 Hlst.
388 1643 621 1691 Univers.
670 1656 782 1701 cap.
818 1653 894 1691 ιο.
925 1644 1091 1699 legunt
1119 1641 1217 1691 Ba·

248 1703 326 1751 1⁶⁸⁸
356 1709 587 1767 quendam.
615 1706 814 1754 Constat
852 1703 982 1751 enim
1011 1716 1072 1750 cx
1093 1706 1217 1751 Stra·

250 1765 403 1827 bone,
426 1770 646 1832 josepho
668 1803 686 1825 ‚
726 1766 936 1816 Eusebio
967 1767 1094 1814 hunc
1137 1778 1216 1813 re-

248 1841 346 1886 gem
377 1830 562 1881 dictum
609 1832 702 1879 esse
721 1864 738 1887 ,
771 1830 1079 1879 Alexandrum
1118 1830 1214 1876 Ba·

246 1893 341 1940 ian.
367 1897 512 1955 Apud
550 1894 812 1943 Eusebium
834 1904 1064 1952 corrupte
1098 1891 1209 1938 scri·

248 1953 395 2005 bitur:
437 1958 750 2021 'aaigavsg&
781 1958 808 2005 ὅ
833 1958 894 2006 eff
919 1956 1089 2013 nani,
1118 1966 1212 2012 pro

245 2016 551 2082 Ἀλίξσυδςθ
589 2021 615 2068 ο·
644 2020 833 2076 nuic,
877 2030 929 2065 ut
964 2018 1213 2075 Rupertus

152 2129 153 2132 ,
244 2080 410 2130 docuit.
456 2085 664 2132 GRAEV.
726 2080 913 2129 Frustra
961 2077 1068 2127 sunt
1127 2079 1215 2137 qul

158 2139 165 2152 ²
235 2148 447 2205 propalam
493 2158 684 2193 nomen
734 2141 1086 2203 appellativum
1118 2141 1212 2188 ell‘e

243 2218 411 2263 putant.
440 2208 686 2272 Quoniam
715 2220 779 2255 ex
815 2206 1014 2254 historia
1041 2216 1213 2252 notum

245 2269 339 2330 i³¹1,
372 2273 526 2332 ipsum
562 2274 723 2329 hunc,
759 2271 822 2317 dc
859 2282 961 2326 quo
999 2267 1080 2315 hic
1113 2270 1212 2326 agl·

241 2342 343 2390 tur,
386 2335 592 2383 nomine
640 2332 846 2392 proprio
865 2333 1028 2378 Balam
1062 2342 1213 2378 voca-

242 2406 367 2457 tum,
411 2398 582 2457 quidni
631 2409 743 2445 cum
796 2393 1056 2443 Gronovio
1105 2405 1212 2441 cre-

240 2460 390 2509 damus
439 2461 701 2521 legendum
754 2460 846 2506 effe
885 2460 1046 2505 Balanea
1075 2473 1211 2519 quen·

241 2524 364 2571 dana?
405 2524 703 2572 Nominibus
734 2522 952 2581 propriis
988 2521 1096 2567 addi
1133 2520 1209 2567 so·

237 2588 331 2635 lere
360 2590 541 2650 quidam
563 2621 580 2644 ,
628 2597 796 2632 notum
829 2584 914 2631 est.
942 2584 1114 2642 Nepos
1135 2595 1207 2631 nr.

240 2662 280 2705 4.
314 2663 350 2696 1.
395 2653 605 2713 Argilius
631 2650 825 2710 quidam.
869 2648 914 2694 &
960 2658 1045 2694 xx.
1081 2659 1125 2699 s.
1160 2658 1207 2694 2.

239 2712 460 2774 Lenestiur
501 2713 699 2775 qnidam.
758 2710 881 2756 Vide
928 2709 973 2756 δι
1007 2709 1112 2757 lud.
1155 2707 1207 2755 in

243 2787 339 2823 eum
369 2776 674 2825 Auctorem:
703 2772 785 2819 ubi
816 2773 1082 2820 Boeclerus
1118 2771 1207 2818 ob·

240 2836 414 2895 servat,
456 2853 691 2899 pronomen
723 2837 796 2881 hoc
828 2836 1067 2882 nominibus
1097 2844 1205 2894 pn·

229 2904 334 2961 priir
369 2905 477 2951 adde·
488 2937 506 2961 ‚
536 2900 755 2948 interdum
788 2897 1034 2959 defigmndi
1057 2895 1208 2954 causis:

237 2966 437 3013 emeram
487 2965 737 3013 consentin
752 2978 770 3014 ,-
813 2960 1049 3023 ale'quando
1085 2958 1214 3020 quasi

237 3028 282 3073 de
302 3032 510 3090 ignotiore
529 3062 545 3087 ,
597 3027 769 3085 obstare
829 3035 913 3071 aret
952 3026 1092 3070 obiter
1118 3037 1206 3068 ure·

235 3105 400 3142 walo.
458 3090 654 3139 Dicitur
671 3100 830 3136 autem
863 3087 1026 3135 Bolum
1061 3101 1207 3154 quem·

236 3155 327 3200 aaa
354 3168 443 3213 pro
473 3154 715 3213 quendam
752 3150 952 3198 nomine
1006 3148 1207 3202 Balam3

239 3230 286 3272 ut
320 3218 446 3276 apud
499 3218 751 3275 Nepotem
786 3215 994 3274 Argilius
1036 3211 1214 3272 quidam

234 3292 315 3337 pro
335 3280 527 3338 quidam
555 3277 751 3326 nomine
770 3276 995 3335 Argilius.
1023 3275 1213 3321 Vonsr.

232 3343 377 3391 Probe
410 3343 516 3400 illi,
544 3342 628 3400 qui
664 3352 757 3400 pro
789 3338 877 3387 isto
924 3339 1157 3399 propalam
1194 3368 1211 3393 ‚

236 3408 356 3464 quod
392 3405 459 3452 est
490 3405 607 3453 nihil
639 3438 656 3463 ‚
702 3402 982 3451 substituunt
1030 3401 1210 3446 Balam.

238 3469 312 3516 sed
343 3473 455 3528 quia
487 3470 582 3515 hnc
625 3462 809 3514 tannim
846 3462 1004 3522 potest
1041 3461 1208 3509 succe·

235 3532 344 3581 dere
376 3533 437 3580 τί
463 3534 615 3592 palam
637 3564 655 3586 ,
699 3527 884 3584 reliqua
918 3536 1086 3585 *manet
1114 3523 1209 3581 syl»

239 3597 339 3642 laba
379 3606 463 3655 pro
515 3594 563 3640 in
613 3592 860 3653 propalam.
921 3589 1058 3649 Quae
1095 3598 1207 3634 cum

236 3669 329 3704 non
365 3668 549 3704 temere
582 3654 737 3712 putari
769 3652 904 3711 polilt
936 3664 963 3698 a
1005 3649 1208 3699 librario

233 3718 445 3774 adiecia..
474 3718 624 3765 venio
661 3721 709 3765 in
745 3728 850 3762 cam
886 3714 1169 3761 sententiam
1192 3745 1209 3770 ‚

236 3784 358 3841 quali
386 3783 466 3829 hic
509 3781 622 3828 ‹lelit
654 3790 835 3827 nomen
858 3776 1057 3833 aliquod
1093 3787 1207 3848 pro:

230 3843 386 3903 prium
408 3879 423 3901 ‚
453 3856 594 3897 atque
627 3844 689 3889 lic
720 3842 843 3888 haec
873 3840 1027 3886 verba
1058 3839 1205 3885 scribi

231 3908 434 3956 debeant
453 3922 469 3965 ;
489 3907 735 3964 fiehornanr
756 3916 841 3964 pro
873 3936 886 3951 .
907 3937 920 3951 .
941 3935 981 3950 ..
1004 3936 1017 3949 .
1048 3903 1209 3948 Butam

223 3972 444 4042 madan.
501 3971 676 4027 Putem
728 3978 891 4023 autem
931 3964 1091 4022 deciso
1120 3976 1211 4016 uo·

1295 1450 1394 1498 Nili
1449 1454 1598 1510 plane
1652 1452 1748 1500 alia
1800 1455 1846 1500 ὃς
1905 1457 2047 1512 plura
2087 1456 2235 1505 desint
2255 1491 2275 1516 ,

1297 1514 1411 1572 quia
1445 1513 1700 1574 sequitur,
1745 1513 1960 1563 indidiss‘e
2015 1522 2061 1564 el
2090 1532 2273 1568 nomen

1294 1587 1396 1623 non
1424 1576 1724 1636 Eupatoris,
1755 1577 1841 1626 sed
1876 1581 2154 1631 Alexandri.
2215 1582 2278 1629 Et

1290 1637 1540 1688 finxerunt
1583 1639 1713 1687 forte
1737 1673 1755 1697 ,
1811 1654 2009 1701 praeter
2067 1644 2280 1704 Eupato-

1293 1714 1395 1748 rem
1419 1735 1437 1762 ,
1484 1704 1637 1750 adhuc
1673 1702 1819 1752 alium
1862 1704 2052 1764 filium,
2101 1708 2273 1756 Antio-

1291 1767 1470 1822 chum,
1498 1777 1550 1813 ut
1586 1768 1719 1813 ficin
1770 1768 1942 1816 lacuna
1975 1769 2061 1817 ista
2105 1773 2271 1830 potius

1288 1828 1793 1887 videaturlegendum
1827 1864 1844 1890 ‚
1861 1843 1948 1893 pro
1973 1832 2072 1893 fillo
2104 1836 2269 1882 Antio·

1286 1892 1357 1935 chi
1394 1892 1555 1937 Balam
1604 1893 1814 1953 quendam
1836 1927 1853 1951 ‚
1896 1898 1981 1942 vel
2000 1907 2085 1956 pro
2103 1900 2272 1958 pupille

1286 1953 1450 1998 Boiam
1477 1956 1705 2014 quendam.
1766 1956 1892 2003 Nam
1940 1959 1986 2004 δι
2018 1958 2159 2016 supra
2179 1972 2268 2021 pu-

1277 2015 1386 2074 pilli
1408 2028 1513 2062 vox
1541 2015 1588 2062 in
1609 2029 1660 2063 re
1694 2016 1849 2065 fimili.
1875 2020 2075 2067 Seuer-1³.

1351 2088 1399 2132 7.
1434 2078 1603 2124 Nomen
1656 2080 1700 2125 ei
1730 2081 1985 2127 Alexandri
2025 2083 2198 2129 inditur
2213 2083 2268 2145 ‚]

1287 2140 1399 2187 Nec
1441 2142 1540 2187 hoc
1588 2142 1705 2189 loco
1756 2140 1932 2189 auflor
1975 2157 2073 2192 uno
2112 2147 2268 2194 verbo

1286 2201 1501 2259 indicat,
1529 2200 1667 2256 cujus
1694 2203 1924 2251 Antiochi
1959 2204 2086 2254 iilius
2117 2206 2273 2256 dietus

1287 2264 1368 2313 hic
1400 2265 1699 2313 Alexander.
1764 2266 2002 2316 Eusebius
2040 2269 2270 2319 Antiochi

1286 2326 1548 2386 Epiphanis
1585 2327 1680 2375 ait:
1730 2329 1924 2392 quidam
1977 2333 2138 2382 Butam
2181 2346 2272 2393 pu-

1288 2402 1406 2440 tant.
1492 2390 1664 2439 Talem
1746 2390 1893 2441 etiam
1961 2394 2268 2444 Ptolemaeus

1285 2456 1507 2512 Physcon
1558 2456 1814 2505 Demetrio
1859 2456 2056 2506 decimo
2094 2464 2270 2518 quarto'

1285 2519 1454 2576 Syriae
1487 2518 1588 2576 regi
1623 2518 1791 2577 postea
1837 2518 2110 2570 subornasse
2145 2522 2270 2574 dici-

1283 2593 1394 2641 tur,
1427 2594 1480 2630 ut
1504 2581 1588 2629 hio
1619 2580 1792 2629 aut‘tor
1807 2584 1949 2631 tradit
1983 2585 2067 2633 lib.
2097 2598 2271 2635 xxxix.

1283 2644 1515 2692 Ceterum
1555 2645 1618 2691 de
1671 2646 1766 2692 hoc
1805 2648 2092 2696 Alexandro
2132 2650 2266 2697 hoste

1281 2706 1520 2755 Demetrii
1552 2708 1730 2755 Soteris
1751 2709 1942 2758 videtur
1973 2712 2159 2760 mentio
2181 2714 2267 2761 lib.

1286 2781 1328 2818 1.
1356 2769 1797 2819 Macchabaeorum
1833 2785 1944 2832 cap.
1981 2788 2058 2823 ιο.
2088 2776 2266 2824 Caete-

1282 2843 1392 2879 rum
1429 2833 1461 2880 fi
1517 2833 1624 2890 quis
1659 2846 1865 2881 conetur
1913 2836 1964 2884 in
2012 2838 2143 2885 hisce
2175 2838 2265 2887 ali·

1281 2906 1404 2953 quot
1452 2893 1589 2942 libris
1625 2895 1911 2954 explicare,
1957 2902 2149 2956 quoties
2179 2902 2268 2949 alil

1282 2957 1386 3004 aliis
1423 2955 1776 3015 imposuerint3
1815 2962 2121 3009 matrimonia
2152 2960 2267 3017 iun·

1282 3019 1472 3077 xcrint,
1500 3031 1559 3065 ac
1586 3031 1700 3066 mox
1723 3019 1882 3067 rursus
1915 3023 2167 3080 ruperint,
2187 3038 2265 3073 res

1281 3084 1470 3131 nullum
1502 3080 1649 3130 finem
1682 3081 1942 3131 invenerit.
1987 3086 2260 3135 GLAREAN.

1348 3150 1395 3194 8.
1423 3148 1612 3196 Tantum
1629 3146 1768 3192 odium
1789 3144 1905 3207 &c.]
1949 3150 2104 3206 saepe
2135 3150 2264 3197 acci·

1289 3210 1406 3257 dere
1424 3242 1440 3262 ,
1472 3222 1523 3257 ut
1540 3208 1764 3257 homines
1784 3211 2050 3265 quemlibet
2070 3211 2151 3257 libi
2167 3225 2267 3259 ma-

1289 3272 1379 3321 lint
1411 3271 1657 3329 impcraro
1675 3305 1692 3330 ‚
1720 3272 1863 3320 etiam
1887 3272 2268 3331 indigniffimum

1288 3347 1429 3393 quam
1472 3347 1583 3381 eum
1614 3347 1642 3381 a
1681 3346 1783 3391 qun
1817 3337 1925 3382 laeli
1964 3337 2099 3393 sunt,
2141 3339 2270 3385 docu-

1285 3410 1424 3445 mento
1458 3400 1660 3444 Vitellius
1690 3396 1752 3455 est
1769 3431 1785 3455 ‚
1832 3399 1962 3445 nullis
2004 3398 2232 3460 stipendiis
2247 3432 2268 3458 ,

1284 3464 1407 3508 nulla
1443 3464 1639 3507 militari
1657 3462 1787 3524 firma
1805 3493 1821 3517 ‚
1852 3464 2021 3508 Galbae
2043 3463 2137 3510 odio
2159 3473 2263 3523 pro·

1280 3537 1432 3571 motus.
1478 3524 1675 3570 Tacitus
1708 3522 1825 3570 Hist.
1863 3536 1918 3570 11.
1956 3524 2032 3580 76.
2091 3524 2168 3571 Sic
2203 3528 2272 3573 Ο·

1283 3586 1454 3645 pilium
1480 3585 1754 3633 Macrinum
1774 3589 1973 3633 Senatus
1992 3620 2009 3644 ‚
2029 3588 2144 3635 odio
2163 3591 2266 3637 An.-

1282 3649 1440 3697 tonini
1459 3648 1673 3706 bailiam,
1689 3648 1899 3695 libenter
1920 3648 2270 3707 imperatorem

1283 3709 1475 3767 accepit
1504 3742 1521 3765 ‚
1574 3722 1686 3757 cum
1724 3711 1771 3757 in
1809 3713 1984 3759 Senatu
2039 3715 2267 3763 omnibus

1285 3787 1377 3822 una
1408 3784 1506 3817 vox
1539 3774 1650 3820 esset
1681 3788 1693 3818 ε
1738 3776 1930 3834 quemvis
1971 3780 2109 3838 magis
2135 3794 2267 3840 quarn

1274 3834 1558 3899 parricidam
1577 3869 1595 3893 ,
1621 3839 1812 3894 quemvis
1846 3841 1982 3902 magis
2010 3856 2138 3902 quam
2192 3844 2265 3888 in·

1285 3899 1438 3959 cestum
1461 3898 1551 3944 &c.
1613 3898 1916 3954 Capitolinus
1966 3901 2016 3951 in
2047 3902 2152 3959 ejus
2192 3904 2268 3951 vi·

1288 3976 1334 4012 ta
1369 3973 1480 4017 cap.
1519 3973 1564 4007 ι’..
1594 3960 1815 4020 Damae.

2023 4042 2076 4096 9·
2103 4023 2276 4093 Prwln,

1306 4024 1532 4093 -qu
