2894 4823
776 268 2101 365 PRAEFATtoNEs
2429 295 2485 348 r

376 447 760 528 tamquam
789 432 1119 508 flufflbus
1138 433 1757 531 Resp.agitaretur
1789 429 2017 503 nostra
2038 482 2060 520 ‚
2080 449 2156 504 tu
2179 428 2247 502 in
2274 447 2473 504 tran-

370 534 688 626 quillum
715 551 788 605 te
816 535 857 603 e
888 532 1115 606 saevis
1149 532 1550 606 transtulisti
1583 528 2146 623 tempestatibus,
2192 525 2265 600 δι
2302 553 2462 619 por-

386 650 550 702 tum
585 631 900 724 tempori
936 630 1315 727 occupasti.
1364 633 1457 703 Et
1498 654 1588 702 ne
1619 631 1768 725 quis
1804 628 1955 700 otio
1985 648 2107 699 tuo
2134 626 2471 720 ignaviae

382 751 660 800 nomen
708 733 1155 822 imponeret,
1205 731 1591 802 litterarum
1622 748 1827 823 atque
1867 723 2288 798 eruditionis
2337 723 2468 796 stu-

379 824 594 899 dium
650 829 949 901 bellicae
996 830 1335 923 majorum
1387 846 1666 899 tuorum
1723 825 1991 920 gloriae
2042 821 2462 897 adstruxisti.

380 925 714 999 Memini
757 927 1001 1001 audire
1047 952 1161 999 me
1212 930 1301 1001 de
1337 925 1524 999 Guil.
1575 927 1979 1016 Baucyneto
2040 918 2253 994 doeio
2299 920 2472 991 ado-

372 1021 744 1111 lescente,
795 1028 1174 1120 magnique
1225 1024 1300 1099 &
1330 1022 1695 1119 singularis
1726 1020 1978 1117 judicii
2008 1071 2030 1107 ,
2081 1041 2349 1091 tantam
2393 1041 2465 1092 te
2579 1104 2582 1109 ¹

370 1119 841 1194 historiarum
893 1121 970 1196 ἅ
1025 1125 1460 1217 antiquitatis
1524 1123 1742 1197 etiam
1785 1120 2154 1190 Romanae
2213 1118 2457 1209 cogni·

376 1220 670 1301 tionem
714 1219 1094 1296 affecutum
1126 1276 1155 1313 ‚
1223 1241 1300 1293 ut
1344 1244 1484 1294 non
1542 1222 1756 1292 solum
1805 1215 2245 1311 principibus
2293 1217 2465 1289 viris

368 1317 756 1393 destrinae
792 1320 997 1397 laude
1028 1319 1405 1415 praeferri,
1462 1341 1702 1407 verum
1748 1317 1963 1388 etiam
2015 1337 2174 1385 cum
2207 1312 2461 1409 doc‘tis·

373 1415 576 1488 simis
632 1416 944 1492 conferri
1000 1422 1258 1492 merito
1323 1438 1445 1488 tuo
1492 1415 1738 1511 poss'eS.
1846 1411 2087 1484 Amici
2146 1409 2220 1483 &
2268 1410 2461 1484 doc‘li

354 1515 698 1599 ‘hominis
746 1518 1021 1612 judicio
1065 1518 1224 1592 steti
1288 1517 1585 1589 lubens:
1651 1510 1724 1591 δι
1762 1532 1834 1585 te
1875 1509 2136 1583 exinde
2175 1510 2456 1596 colere,

366 1633 600 1708 atque
630 1617 849 1691 etiam
890 1616 1216 1691 admirari
1247 1614 1480 1704 coepi.
1582 1613 1804 1685 Meae
1841 1611 1913 1681 in
1959 1628 2032 1680 te
2080 1606 2457 1679 observan-

372 1712 531 1786 tiae
558 1764 588 1802 ‚
641 1717 884 1812 tuique
924 1717 996 1788 iu
1045 1716 1312 1787 litteras
1357 1710 1565 1786 studii
1595 1766 1617 1798 ‚
1666 1726 2201 1782 monumentum
2252 1703 2457 1799 Justi·

370 1833 515 1882 nus
556 1811 688 1899 fit,
738 1816 1142 1888 emendatus
1180 1811 1221 1883 a
1252 1834 1365 1884 me
1405 1809 1483 1895 ὃς
1527 1807 1913 1896 illustratus.
2016 1804 2174 1890 Tu,
2229 1803 2275 1877 sr
2326 1828 2456 1878 nos

360 1909 454 1982 in
489 1912 894 1986 clientelam
913 1931 1122 1985 'tuam
1155 1910 1501 2001 receperis
1528 1965 1550 1997 ,
1600 1906 2042 1980 securitatem
2092 1900 2452 1998 praestite-

377 2010 481 2080 ris
525 2010 842 2106 utrique:
893 2011 1035 2097 illi,
1108 2011 1195 2082 ab
1251 2009 1422 2094 hiis,
1478 2006 1597 2103 qui
1643 2002 1945 2076 mutilati
1992 2001 2184 2073 illum
2217 2055 2238 2089 ‚
2304 2000 2455 2073 imo

374 2105 695 2181 confecti
755 2110 984 2207 Trogi
1026 2105 1405 2192 accusant3
1473 2104 1646 2177 mihi
1702 2106 1787 2175 ab
1843 2099 1983 2173 hiis
2026 2098 2273 2194 quibus
2334 2116 2454 2171 aut

368 2208 623 2299 parum
677 2208 1148 2295 neceffarius,
1211 2225 1331 2277 aut
1389 2204 1683 2289 omnino
1727 2198 2033 2281 inutilis,
2100 2218 2292 2267 meus
2344 2196 2452 2267 vi-

366 2304 663 2379 debitur
702 2308 951 2382 labos:
1037 2309 1137 2379 Ut
1189 2302 1375 2398 quod
1438 2321 1581 2395 ego
1631 2296 1919 2392 ingenio
1972 2290 2230 2386 assequi
2293 2314 2456 2364 rneo

362 2429 523 2477 non
553 2405 955 2500 poffu'm3id
990 2424 1064 2478 tu
1087 2404 1310 2501 genio
1350 2419 1474 2471 tuo
1496 2454 1518 2488 ‚
1538 2391 1973 2473 meritissimo
2003 2387 2448 2492 consequare,

369 2505 568 2579 Vale
600 2507 707 2578 vir
733 2507 1013 2582 illustris
1044 2503 1122 2577 ἃ
1150 2496 1508 2602 generose.
1607 2498 1932 2588 Lutetia,
1981 2518 2043 2568 a.
2079 2489 2146 2564 d.
2194 2512 2293 2567 vi.
2342 2488 2447 2565 Id.

364 2606 540 2704 Jan.
586 2625 1019 2683 emor-xxm.

630 2795 1872 2922 1,E‹3T“O]{1
1993 2788 2184 2908 ὦῶ

599 3022 644 3070 1·:
663 3020 688 3071 1
710 3016 833 3070 un
877 2994 1232 3091 quendam
1259 2977 1791 3084 Apellicontem
1814 3039 1834 3074 ‚
1862 2982 2083 3056 lefitor
2115 2984 2432 3054 benevo-

630 3097 743 3184 le,
794 3095 1153 3172 hominem
1187 3090 1544 3182 φιλόᾱιςλον
1587 3085 1863 3182 magis,
1926 3103 2133 3177 quam
2179 3079 2431 3166 φιλόσο-

354 3219 469 3282 φοι
505 3254 527 3285 ,
581 3192 985 3269 Aristotelis
1034 3192 1246 3265 libros
1284 3243 1306 3276 ,
1371 3210 1552 3282 quos,
1586 3182 1848 3258 lacunis
1887 3182 2134 3274 plenos
2176 3201 2433 3265 magna

362 3297 677 3390 pecunia
705 3308 1118 3387 paraverat,
1153 3283 1228 3380 ὃς
1262 3283 1739 3377 emendandos
1784 3282 2221 3369 susceperat,
2273 3275 2423 3346 foe-

369 3399 466 3468 dis
512 3393 802 3468 mendis
849 3383 1488 3478 refertQKedidiss’e
1544 3380 1769 3454 refert
1833 3376 2088 3450 Strabo
2121 3426 2143 3457 ‚
2181 3379 2428 3468 ‘quum

381 3494 624 3570 temere*
719 3488 800 3564 ἃ
866 3485 1201 3580 imperite
1287 3482 1639 3576 suppleret
1713 3498 1891 3582 quae
1965 3469 2204 3581 pafiim
2293 3467 2428 3541 de-

382 3614 586 3665 erant:
664 3590 939 3684 Neque
986 3585 1106 3658 hic
1138 3580 1733 3676 ‘stetiffeeorum
1809 3573 2419 3666 depravatronem.

387 3688 541 3763 Nam
580 3688 657 3764 ἃ
717 3682 1154 3777 bibliopolas
1206 3678 1408 3752 nobis
1442 3729 1472 3767 ,
1535 3675 1986 3771 negligenter
2036 3666 2076 3740 a
2128 3666 2423 3741 librariis

374 3792 797 3889 transcriptos
845 3786 1071 3859 libros
1104 3835 1125 3866 ‚
1186 3775 1552 3872 reliquiffe.
1666 3773 1873 3845 Haec
1923 3763 2108 3864 quasi
2164 3766 2360 3837 tabes
2394 3821 2419 3854 ‚

344 3889 444 3967 ita
498 3887 828 3983 proceffit
865 3938 889 3970 ‚
961 3897 1047 3950 ut
1095 3877 1375 3970 scriptis-
1418 3869 1882 3946 Aristotelicis
1942 3885 2210 3939 tantum
2272 3886 2418 3936 non

324 3992 616 4076 exitium
660 3985 1050 4070 adferret.
1166 3973 1308 4075 Qui
1365 3969 1446 4112 a*
1471 3968 1719 4043 summi
1780 3964 2175 4076 Philosophi
2228 3962 2423 4078 libris

1500 4089 1541 4166 3
1667 4139 1680 4142 ,
2278 4082 2430 4132 ωτι·
