2894 4823
496 235 651 339 ³118
1166 235 1890 340 jus-rum

504 419 929 521 piscatorum
981 417 1279 493 navibus
1338 434 1569 491 ortum
1630 415 1800 492 effet
1831 471 1853 508 ,
1919 416 2128 512 saepe
2184 418 2572 518 fuderunt,‘

505 543 895 617 pacemque
942 517 1144 591 vistis
1191 515 1592 604 dederunt3
1665 520 1692 575 ³
1738 540 1898 590 cum
1945 518 2279 613 Hispanis
2320 523 2560 599 amici·

506 620 682 691 tiam
706 619 1122 714 junxerunt3
1171 639 1330 687 cum
1374 615 1717 686 Romanis
1749 637 1972 709 prope
2015 618 2102 689 ab
2147 618 2362 692 initio
2397 643 2565 698 con·

507 718 703 789 ditae
747 716 928 786 urbis
973 712 1221 785 foedus
1269 715 1532 786 summa
1584 712 1727 784 fide
1766 712 2243 788 custodierunt
2274 772 2296 805 ,
2371 721 2571 794 auxi-

506 817 750 908 liisque
792 815 861 884 in
903 813 1226 883 omnibus
1292 810 1490 884 bellis
1546 810 1881 883 industrie
1929 814 2153 885 socios
2197 815 2567 909 juverunt.

504 913 706 1014 Quae
738 933 846 981 res
879 909 1010 982 illis
1040 907 1115 980 ἃ
1147 909 1403 980 virium
1436 907 1759 982 fiduciam
1791 909 2023 996 auxit,
2073 909 2152 983 ἃ
2180 935 2434 1006 pacem
2472 918 2564 989 ab

474 1009 815 1100 *hostibus
848 1004 1216 1098 praestitit.
1321 1016 1355 1062 ⁴
1406 1009 1582 1078 Cum
1630 1008 1845 1101 igitur
1884 1007 2189 1081 Maffilia
2228 1010 2417 1084 fama
2452 1036 2560 1084 re·

500 1129 657 1179 rum
700 1103 1091 1201 gestarum,
1139 1102 1214 1176 δι
1259 1104 1677 1178 abundantia
1705 1128 1957 1198 opum,
2009 1104 2086 1178 &
2119 1108 2377 1180 virium
2410 1112 2558 1207 glo·

499 1206 602 1278 ria
645 1206 927 1275 virente
961 1202 1287 1291 floreret,
1336 1221 1633 1298 repente
1669 1201 1948 1275 finitimi
1971 1207 2237 1299 populi
2290 1207 2379 1278 ad
2429 1232 2555 1281 no·-

497 1313 665 1376 men
720 1299 1240 1376 Massilienfium
1291 1299 1662 1373 delendum
1694 1353 1715 1387 ‚
1778 1302 2002 1374 veluti
2042 1303 2130 1374 ad
2174 1327 2554 1380 commune

498 1398 1081 1496 exstinguendum
1114 1398 1556 1484 incendium,
1597 1419 2042 1471 concurrunt.
2101 1403 2128 1452 5
2174 1402 2344 1475 Dux
2385 1428 2549 1478 con-

494 1498 694 1572 sensu
764 1498 1075 1570 omnium
1120 1496 1587 1568 Catumandus
1647 1497 1922 1590 regulus
1973 1499 2307 1594 eligitur:
2379 1506 2554 1597 qui,

496 1624 657 1671 cum
706 1621 964 1694 magno
1020 1595 1336 1666 exercitu
1381 1593 1889 1694 lestiffimorum
1935 1594 2250 1669 virorum
2301 1602 2550 1672 urbem

494 1695 796 1769 hostium
835 1692 1218 1779 obsideret,
1255 1713 1380 1784 per
1408 1692 1718 1785 quietem
1745 1692 1978 1787 specie
2008 1711 2264 1767 torvae
2301 1698 2545 1769 mulie-

495 1795 633 1880 ris,
681 1812 857 1886 quae
905 1789 974 1862 se
1004 1790 1209 1863 deam
1242 1789 1568 1868 dicebat..
1620 1793 2025 1879 exterrituS,
2080 1794 2261 1864 ultro
2293 1818 2544 1887 pacem

493 1914 654 1962 cum
696 1887 1224 1963 Maffilienfibus
1270 1886 1490 1974 secit3
1536 1886 1566 1930 ⁶
1612 1889 1975 1982 petitoque
2019 1907 2095 1961 ut
2139 1892 2400 1965 intrare
2446 1893 2547 1967 illi

492 1991 736 2061 urbem
762 2045 782 2076 ‚
835 1983 909 2059 &
956 1987 1125 2059 deos
1169 2009 1414 2058 eorum
1462 1984 1752 2058 adorare
1796 1986 2078 2076 liceret,
2126 2011 2286 2062 cum
2328 1990 2401 2063 in
2438 2014 2544 2063 ar-

489 2112 645 2159 cem
683 2088 1062 2159 Minervae
1104 2083 1447 2172 venisset,
1504 2083 1871 2180 conspessto
1902 2089 1976 2156 'in
2023 2087 2416 2179 porticibus
2467 2087 2545 2161 fi-

486 2187 801 2258 mulacro
845 2184 1019 2257 deae
1048 2239 1068 2271 ‚
1131 2207 1335 2276 quam
1377 2207 1501 2277 per
1530 2182 1842 2277 quietem
1879 2183 2182 2272 viderat,
2244 2205 2541 2278 repente

491 2285 886 2371 exclamat,
949 2286 1128 2354 illam
1168 2281 1331 2375 effe,
1396 2278 1665 2373 quaese
1713 2284 1884 2352 noble
1926 2282 2336 2377 exterrufft
2369 2308 2397 2371 ‚⁴
2461 2287 2540 2355 il·

489 2385 621 2454 Iam
636 2435 662 2471 ‚
692 2407 849 2475 quae
878 2384 1158 2453 recedere
1174 2385 1258 2450 ab
1275 2377 1583 2470 ohstdione
1606 2375 1904 2475 juffiffec.
1951 2387 1978 2436 ⁷
1999 2375 2542 2478 Gratulatusque

484 2478 1069 2567 MallilienlibuS,
1120 2476 1307 2572 quod
1339 2477 1974 2564 animadverteret,
2014 2501 2136 2550 eos
2175 2479 2265 2551 ad
2303 2504 2541 2554 curam

484 2577 778 2657 deorum
812 2575 1309 2647 immortalium
1340 2575 1695 2667 pertinere
1716 2630 1736 2662 ‚
1789 2595 2036 2670 torque
2070 2600 2282 2649 aureo
2317 2578 2534 2651 dona-

480 2693 554 2745 ta
592 2671 764 2760 dea,
812 2674 885 2743 in
923 2691 1340 2765 perpetuum
1381 2673 1768 2746 amicitiam
1795 2696 1957 2746 cum
2000 2673 2533 2748 Massilienfibus

470 2770 729 2865 junxit.
820 2766 848 2814 ⁸
892 2771 1096 2841 Parta
1125 2794 1297 2861 pace
1323 2823 1346 2858 ,
1396 2767 1471 2841 ἃ
1503 2770 1867 2844 securitate
1905 2769 2242 2862 fundata,
2294 2797 2534 2846 rever-

477 2888 710 2943 tentes
778 2891 819 2941 a
883 2868 1183 2964 Delphis
1242 2867 1760 2942 Masfilienfium
1820 2870 2087 2964 legati,
2156 2892 2295 2966 quo
2357 2868 2532 2945 miffi

450 2990 767 3059 ·munera
813 2968 1126 3061 Apollini
1173 2969 1513 3054 tulerant,
1562 2967 1927 3038 audierunt
1974 2970 2216 3038 urbem
2264 2970 2530 3042 Roma·

474 3088 636 3137 nam
680 3089 721 3137 a
756 3066 974 3137 Gallis
1019 3086 1293 3157 captam
1322 3116 1347 3152 ,
1396 3063 1909 3160 incensamque.
2016 3075 2046 3120 ⁹
2096 3066 2328 3167 Quam
2377 3091 2532 3140 rem

474 3164 669 3248 domi
730 3165 1118 3235 nuntiatam
1159 3163 1440 3256 publico
1500 3162 1747 3235 funere
1795 3161 2252 3237 Masfilienses
2292 3166 2530 3259 prose-

2382 3283 2535 3338 cuti

416 3432 419 3441 ,
482 3428 489 3433 ,
547 3396 594 3439 3.
625 3383 781 3433 foelus
804 3383 976 3441 flemma
1007 3380 1099 3441 fido
1144 3376 1468 3441 custodierunt]
1547 3379 1665 3427 bere
1702 3382 1866 3428 nitente
1883 3413 1900 3439 ,
1945 3393 2025 3428 aut
2059 3382 2222 3439 potius
2255 3392 2411 3428 totum
2448 3385 2540 3431 de·

478 3447 701 3505 custodire
757 3459 848 3503 pro
898 3446 1128 3503 servare,
1190 3443 1468 3500 praestare,
1545 3446 1686 3499 lere,
1736 3456 1846 3490 cum
1896 3441 2114 3501 suspicer
2164 3456 2230 3491 ex
2279 3444 2423 3501 gloffa
2474 3450 2544 3497 τῦ·

482 3509 595 3567 satis
648 3511 882 3557 Latinum.
946 3507 1069 3555 Vide
1121 3507 1234 3553 Lero
1290 3504 1469 3553 Rhodii
1535 3505 1717 3566 florem
1744 3506 1835 3552 effe
1863 3505 2142 3556 formatum.
2179 3510 2383 3553 scum-f.

476 3570 530 3618 in
572 3575 790 3629 Largum.
873 3570 950 3617 Sic
1001 3570 1044 3617 δε
1096 3568 1273 3615 Graeci
1328 3568 1467 3617 suum
1607 3569 1654 3615 6.
1684 3570 1924 3616 simulacro
1964 3569 2103 3633 deae]
2152 3569 2300 3629 Quod
2353 3568 2536 3618 sedens

477 3636 724 3687 emimu-
790 3634 1035 3692 usurpant.
1134 3633 1315 3680 videns
1376 3632 1464 3678 lib.
1540 3630 1671 3679 fuiffe
1708 3636 1757 3679 in
1793 3631 2027 3693 Manilia,
2060 3633 2231 3680 Strabo
2268 3628 2420 3680 refert
2437 3634 2534 3685 nb.

475 3696 695 3745 nostrum
727 3699 789 3746 de
826 3693 1125 3745 Hebraismis
1157 3695 1220 3744 N.
1243 3695 1301 3743 T.
1350 3706 1394 3740 c.
1414 3694 1461 3741 6.
1541 3705 1653 3743 xm.
1691 3697 1946 3743 BONGARS.
2043 3734 2046 3737 .

476 3760 665 3806 Vottsr.
1563 3802 1566 3809 ,
1604 3769 1651 3817 9.
1680 3759 1859 3806 Publice
1891 3757 2094 3821 funere]
2154 3759 2347 3809 ludicro
2400 3760 2538 3809 scili-

543 3835 593 3878 4.
624 3822 781 3867 Gloria
833 3826 1002 3872 ve'raenu
1042 3817 1257 3881 floreret]
1304 3819 1463 3866 Valde
1541 3822 1621 3866 ‘cet
1684 3834 1710 3868 a
1771 3821 1939 3870 senatu
1991 3822 2172 3879 justitio
2220 3822 2538 3884 pubxicoque

476 3885 650 3933 dubito
673 3916 689 3938 ,
736 3883 961 3939 scripfiffe
1010 3888 1071 3933 fic
1113 3882 1380 3946 justinum,
1418 3882 1462 3928 v&
1538 3882 1692 3930 lustu.
1755 3884 1832 3931 De
1878 3886 1974 3932 hoc
2010 3885 2216 3933 honoris
2243 3898 2429 3946 genere
2458 3889 2542 3934 vi-

478 3948 721 3995 vocabula
786 3944 885 3990 duo
962 3948 1092 3995 idern
1160 3942 1465 4002 fignificantia
1539 3944 1600 3991 de
1634 3946 1909 3993 Kirchmnn.
1937 3946 2042 3997 fun.
2079 3950 2227 3996 Rom.
2253 3963 2297 3998 1.
2318 3965 2366 3998 A.
2401 3953 2538 3998 Ben-

459 4008 697 4083 iunxiffe.
760 4006 971 4057 Manem
1018 4021 1114 4073 pro
1142 4011 1313 4060 virente
1348 4005 1466 4056 scti-
1537 4018 1655 4059 unc.
1721 4009 1952 4062 Existimo
1985 4010 2224 4075 ,lustinum
2271 4002 2548 4140 scrip&
