2894 4823
964 332 2212 422 PRAEFATIO.

549 506 992 609 Defioratio
1032 521 1311 607 Iustini,
1395 520 1627 606 Liber
1665 523 1969 629 primus.
2070 525 2305 632 ,Quae
2332 521 2440 609 ad
2463 516 2618 606 cal·

550 665 702 722 cem
744 637 934 723 libri
967 660 1223 721 xmv.
1283 636 1695 745 leguntur,
1751 636 2088 747 produnt
2119 642 2453 721 aetatem
2477 636 2646 718 Co·.

556 750 742 834 dicis
776 805 804 849 ,
876 749 1230 860 illumque
1277 748 1304 849 3
1386 749 1601 856 cujus
1672 775 1905 833 manu
1987 764 2376 834 exaratus
2462 741 2564 851 est
2587 766 2617 828 ,⁶

554 860 827 973 Peregi
880 886 1033 973 ego
1087 860 1587 944 Pucciarellus
1624 858 1772 945 hoc
1827 886 2026 968 opus
2080 858 2205 944 die
2258 851 2622 970 vigesima

552 974 773 1081 Aug.
852 992 1090 1081 1357.
1181 968 1456 1056 indici.
1511 998 1726 1058 nona
1763 1028 1792 1072 ,
1876 970 1974 1056 de
2024 998 2181 1082 quo
2232 966 2628 1079 Sospitatis

557 1084 857 1171 'auctori
895 1085 1182 1199 gratiae
1217 1082 1666 1167 referuntur.
1759 1088 1959 1169 Dein
1993 1088 2419 1171 recentiore
2462 1106 2622 1164 ma·

564 1223 672 1285 nu
706 1196 1036 1283 additur
1062 1228 1088 1281 .·
1113 1198 1345 1281 Hunc
1385 1197 1660 1282 librum
1696 1198 1845 1281 emi
1871 1197 2171 1282 Rornae
2199 1198 2447 1308 pretio
2486 1190 2627 1277 du-

560 1310 714 1399 cati
754 1309 981 1394 unius
1023 1336 1200 1394 cum
1242 1307 1592 1395 dimidio,
1713 1306 2147 1396 Blondelet,
2197 1412 2202 1417 ,
2617 1398 2620 1399 f

560 1436 573 1483 -'
680 1423 925 1507 Initio
978 1420 1203 1532 hujus
1264 1423 1552 1507 Codicis
1590 1422 1851 1532 exstat
1913 1428 2283 1507 nominum
2322 1419 2434 1508 ad
2467 1442 2636 1504 rem

563 1533 992 1622 militarem
1019 1530 1540 1646 speltantium
1591 1534 1909 1648 recensio
1931 1595 1960 1638 ,
2019 1531 2332 1646 scripta
2380 1556 2638 1619 recen·

568 1650 776 1737 tiore
836 1673 1061 1731 manu
1099 1707 1127 1750 ‚
1202 1642 1315 1749 &²
1354 1662 1730 1759 excerpta
1815 1672 1934 1753 ex·
1975 1647 2267 1758 Isidoro
2335 1644 2461 1730 lib.
2522 1666 2634 1726 1x.

570 1759 987 1868 Originum
1036 1773 1198 1868 cap.
1244 1781 1318 1867 3.
1432 1762 1564 1843 Ea
1602 1757 1897 1872 quidem
1947 1755 2273 1869 mendose
2311 1754 2414 1868 est
2434 1749 2648 1866 firi·

562 1884 772 1982 ”ptem
850 1868 962 1973 ἐφ’)
1017 1870 1387 1982 pleraque
1439 1871 1961 1958 emendatiora
2026 1870 2335 1957 exhibet
2406 1866 2649 1952 editio

565 1979 765 2088 Jac.
796 1981 1286 2089 Gothofredi;
1307 1999 1692 2096 quattuor
1711 2000 1966 2068 tamen
1988 1988 2069 2068 in
2093 1984 2270 2068 locis
2287 1979 2544 2094 script
2551 2004 2643 2062 u·

568 2108 755 2182 ram
813 2094 1150 2205 vulgata
1179 2093 1818 2206 praestantiorem
1833 2092 2312 2207 suppeditat.

566 2218 573 2227 ’
689 2263 751 2310 a,
800 2205 1613 2315 Succenturiatisunt‚
1669 2234 1812 2293 non
1859 2211 1995 2321 qui
2039 2213 2120 2294 in
2160 2210 2473 2318 prima,
2504 2202 2657 2317 fid

564 2318 641 2423 Β,
699 2324 781 2407 in
814 2316 1151 2431 secunda
1206 2324 1561 2406 centuria
1597 2321 1794 2430 sunt
1831 2377 1860 2421 ‚
1936 2320 2158 2434 quasi
2179 2319 2333 2429 sub
2378 2320 2646 2431 prima

565 2463 643 2533 ·,,
699 2436 1057 2517 centuria
1080 2460 1107 2514 ,·
1136 2448 1393 2516 tamen
1421 2425 1690 2535 striae·
1727 2437 1965 2518 etiam
2001 2433 2143 2543 ipsi
2162 2432 2273 2535 ἐξ
2299 2436 2379 2516 in
2383 2428 2650 2543 specu-

574 2599 637 2646 „
698 2546 794 2628 lis
825 2541 1046 2654 positi
1084 2546 1165 2626 in
1210 2541 1397 2626 bello
1435 2540 1635 2652 stant
1650 2569 1684 2640 ;
1740 2562 1830 2627 ut
1856 2603 1882 2646 ‚
1934 2544 2019 2655 fi
2085 2549 2342 2655 prima
2382 2543 2659 2647 defece-

569 2699 641 2757 n„
702 2660 820 2742 rit
850 2712 876 2757 ,
929 2652 1102 2764 isti,
1160 2679 1352 2761 quos
1396 2653 1526 2738 sub
1574 2657 1642 2738 se
1680 2651 2058 2760 diximus,
2115 2655 2655 2744 laborantibus

584 2823 647 2869 ‚2
698 2771 973 2880 primis
991 2766 1468 2876 subveniant
1495 2797 1522 2852 .·
1580 2768 1774 2854 unde
1836 2768 1949 2873 &³
2001 2768 2110 2856 ad
2157 2768 2694 2882 infidiandum.

585 2938 646 2985 „
696 2883 1021 2992 ponitur
1072 2873 1767 2981 succenturiatus„

576 2999 653 3065 ἓν
696 2993 882 3077 MS,
944 2988 1503 3076 subcenturiati
1553 3055 1578 3095 ‚
1653 2992 1767 3098 &⁴
1823 2992 2416 3079 subcenturiatus
2463 3055 2490 3098 ,
2563 3017 2661 3080 ac

590 3130 785 3211 quos
833 3102 961 3187 sub
1012 3102 1333 3188 fecunda
1366 3102 1761 3216 diximus,
1823 3133 2134 3220 eamque
2167 3101 2666 3221 scripturam

580 3219 866 3327 firmat
910 3221 1230 3327 optimus
1286 3215 1567 3327 Isidori
1623 3216 1851 3305 codex
1911 3221 1998 3305 V
1987 3215 2306 3335 offlanus
2349 3278 2379 3320 ,
2451 3221 2671 3327 qu‘us

584 3332 938 3440 'margini
952 3328 1287 3440 secunda
1324 3355 1594 3415 manus
1645 3347 1930 3417 temere
1964 3331 2365 3442 adscripfit
2384 3389 2410 3433 ‚
2467 3347 2666 3437 quos

594 3441 924 3550 subsequi
971 3440 1321 3526 diximus,
1389 3441 1664 3527 Variis
1699 3443 1927 3530 modis
1946 3442 2065 3527 hic
2101 3444 2300 3528 locus
2331 3471 2390 3528 a
2418 3443 2669 3527 libra-

581 3552 941 3661 7·iisfuit
972 3571 1407 3664 corruptus.
1451 3551 1866 3641 Valturius
1882 3562 2076 3641 enim
2093 3555 2216 3639 lib.
2243 3573 2426 3641 vm.
2467 3545 2556 3637 de
2575 3580 2669 3639 re

581 3669 818 3753 vuilit.
846 3692 957 3780 *ex
977 3668 1124 3780 suo
1159 3666 1395 3752 codice
1409 3684 1557 3779 pro
1595 3687 1981 3774 ert,quos
2003 3663 2270 3752 subesse
2299 3667 2663 3752 diximus,

616 3869 627 3880 ,
713 3838 770 3880 ,,
831 3775 928 3863 In
963 3787 1122 3867 acie
1158 3793 1415 3865 autem
1461 3783 1492 3860 i
1555 3805 1648 3864 ae
1668 3779 1857 3890 fere
1892 3776 2210 3886 formae
2221 3779 2419 3889 fiant
2448 3837 2476 3884 ‚
2532 3803 2672 3864 ex·

581 3908 665 3997 ’,‚
721 3892 1008 3981 ercitus
1032 3951 1058 3994 ‚
1095 3884 1379 4004 uastis,
1415 3891 1696 3992 nodus,
1737 3917 2052 3991 cuneus,
2092 3894 2276 3993 ala,
2331 3915 2671 3994 cornua,

584 4008 662 4120 ²„
720 4029 1033 4125 agmen:
1088 4030 1283 4122 quae
1333 3999 1622 4096 formas
1677 4003 1764 4096 δε
1819 4006 2161 4098 nomina·
2189 4004 2308 4098 ab'
2348 4005 2671 4208 ipfige·

577 4141 585 4155 ’
1467 4171 1470 4178 ’
1583 4164 1589 4174 ’
1657 4159 1662 4168 ’
2070 4163 2074 4172 ’
2394 4175 2454 4228 υ
2590 4138 2625 4202 5
2645 4173 2678 4228 θ
