2894 4823
906 303 2125 408 PRZEFATIQ·

474 522 650 597 ium
682 505 1236 613 Imperatorum
1279 506 1478 591 vitae
1514 505 1833 593 authore
1851 507 2222 622 Aemylio
2249 506 2539 596 Probo:

478 625 693 712 Huic
732 617 1042 706 editioni
1074 617 1429 733 praeficit
1457 618 1908 731 Franciscus
1946 622 2379 734 AJulanus‚
2414 648 2540 707 cu·

466 740 603 851 jus
666 731 1002 845 Epistola
1043 732 1152 819 ad
1190 731 1576 840 Joannem.
1621 733 2049 819 Cornelium
2091 738 2413 845 Georgii
2441 734 2537 842 fi-

481 849 666 936 lium
712 844 1196 957 praefationi
1260 843 1533 953 Iustini
1583 844 2082 956 praefigitur.
2191 848 2338 933 Ad
2375 845 2536 932 cal·

484 985 636 1047 cem
669 957 997 1069 Aemylii
1033 955 1277 1044 Probi
1298 958 1465 1065 live
1493 958 1825 1045 Cornelii
1864 959 1989 1043 Ne
2039 963 2184 1045 otis
2218 961 2538 1068 legitur.

483 1069 839 1167 Venetiis
891 1071 974 1155 in
1030 1064 1341 1156 aedibus
1419 1065 1609 1153 Aldi
1673 1067 1758 1152 δι
1816 1071 1953 1155 An
2049 1077 2182 1158 eae
2222 1069 2541 1156 Asulani

485 1180 763 1284 soceri,
817 1183 1066 1267 mense
1109 1184 1280 1297 Jan.
1332 1204 1431 1267 Μ.
1466 1198 1552 1264 D.
1589 1204 1772 1266 xx1
1801 1208 1867 1267 1.

483 1290 502 1299 “
597 1297 833 1382 Nona
874 1294 1329 1380 Florentina
1352 1299 1550 1405 typis
1565 1294 1928 1399 Juntinis
1963 1292 2313 1405 imprtffiz
2350 1294 2546 1405 ejus-

482 1408 654 1497 'dem
700 1406 1017 1516 formae
1078 1404 1182 1501 esi
1233 1431 1395 1491 cum
1431 1406 1926 1514 praecedente
1942 1464 1971 1509 ,
2045 1435 2104 1493 a
2138 1409 2347 1516 cujus
2379 1431 2551 1491 con-

489 1537 726 1611 textu
763 1523 1025 1630 paucis
1079 1524 1161 1611 in
1196 1519 1370 1605 Iocis
1403 1517 1783 1630 discrepat
1810 1549 1838 1603 .·
1898 1517 2225 1606 eumdem
2315 1543 2551 1631 uoque

492 1634 814 1722 titulum
843 1630 1225 1741 praefert.
1346 1630 1821 1741 Junguntur
1863 1647 2121 1719 autem
2159 1631 2262 1714 Iu
2325 1635 2446 1717 ino
2465 1632 2551 1716 in

496 1746 641 1833 hac
678 1744 998 1832 editione
1044 1744 1437 1830 Cornelius
1473 1746 1725 1852 Nepos
1764 1743 1874 1847 &²
1896 1746 1985 1835 V
1968 1744 2225 1854 ellejus
2261 1746 2552 1829 Pater-

494 1857 707 1957 cqus
741 1917 768 1959 ‚
842 1861 977 1969 qui
1024 1853 1157 1940 hoc
1215 1856 1446 1941 titulo
1520 1855 2038 1967 infigniuntur
2080 1883 2111 1940 .·
2201 1851 2548 1965 Aemylii

496 1967 730 2056 Probi
768 1963 867 2052 de
908 1968 1092 2051 Vita
1126 1967 1677 2052 Excellentium
1702 1970 2255 2076 Imperatorum
2293 1966 2553 2051 Liber.

494 2081 592 2166 C.
647 2079 895 2165 Vellei
954 2079 1322 2165 Paterculi
1397 2075 1747 2164 historiae
1805 2080 2212 2165 Romanae
2260 2077 2362 2164 ad
2429 2076 2551 2163 M.

499 2190 901 2295 Viniciu'm
924 2192 1093 2278 Coss
1150 2192 1294 2281 Ad
1328 2192 1598 2283 calcem
1642 2192 1913 2303 Velleji
1942 2210 2118 2304 pag.
2175 2193 2359 2278 261.
2418 2214 2559 2277 ex-

479 2301 664 2419 stat
721 2310 962 2393 Beati
1004 2304 1362 2391 Rhenani
1399 2301 1805 2418 praefatio
1822 2364 1851 2406 ‚
1920 2329 2230 2418 eamque
2269 2302 2558 2413 excipit

504 2419 691 2509 haec
700 2417 1166 2531 subscriptio
1190 2449 1218 2503 .-
1272 2419 1700 2503 Florentiae
1735 2443 1866 2525 per
1884 2413 2236 2502 haeredes
2272 2414 2553 2528 Philip·

502 2532 591 2643 pi
645 2534 911 2616 luntae
953 2533 1201 2614 Anno
1239 2530 1567 2613 Domini
1613 2553 1697 2611 M.
1749 2553 1825 2612 n.
1854 2550 2078 2616 xxv.

622 2646 885 2729 Porro
920 2637 1030 2726 ad
1063 2657 1509 2728 memoratos
1555 2638 1852 2726 Codices
1890 2644 2135 2730 MSS.
2190 2642 2568 2729 librorum

513 2755 768 2863 Trogi
820 2753 1164 2863 Pompeji
1224 2751 1512 2838 accedit
1570 2752 1803 2837 codex
1857 2754 2370 2845 Bibliothecae
2424 2766 2566 2862 pu-

510 2867 749 2954 blicae
769 2867 1149 2979 separato
1186 2864 1563 2952 volumine
1595 2866 2148 2976 comprehensus
2173 2925 2201 2970 ‚
2235 2870 2316 2951 in
2354 2886 2569 2947 mem·

510 2978 772 3067 brana
836 2994 1021 3063 ante
1052 2974 1454 3090 sexcentos
1526 3002 1762 3063 annos
1815 2995 2201 3065 exaratus
2274 2982 2355 3062 in
2421 2981 2565 3083 4‘0.

514 3094 677 3182 Hic
695 3090 864 3176 olim
879 3089 1059 3198 fiat
1094 3088 1609 3175 Bibliothecae
1648 3087 2134 3202 Schobingiae
2153 3148 2182 3193 ,
2203 3088 2315 3195 59⁹
2329 3112 2584 3202 quar-‚

514 3219 648 3292 tus
702 3200 1083 3310 Leidensis
1120 3204 1200 3286 in
1254 3206 1455 3286 notis
1508 3200 1618 3286 ad
1663 3204 2028 3310 Prologos
2080 3202 2527 3313 appellatur
2546 3227 2581 3284 .-

511 3318 808 3429 primus
843 3329 1101 3401 autem
1121 3369 1149 3414 ‚
1204 3315 1338 3425 qui
1377 3317 1460 3398 in
1509 3316 1760 3423 primo
1775 3340 1808 3410 ,·
1840 3313 2257 3425 secundus,
2315 3314 2447 3427 qui
2491 3315 2578 3397 in

516 3431 763 3530 tertio
801 3451 835 3525 ,·
909 3430 1197 3516 tertius
1241 3483 1268 3527 ,
1341 3428 1476 3536 qui
1528 3429 1611 3509 in
1662 3443 1952 3537 quarto
2011 3424 2285 3536 Iustini
2336 3423 2575 3514 codice

515 3538 869 3648 Leidensi
894 3537 1177 3648 exstat.
1295 3538 1630 3621 Numeri
1660 3555 1917 3623 autem
1955 3539 2458 3649 Prologorum
2498 3540 2585 3620 in

513 3647 651 3739 hoc
696 3651 935 3737 codice
984 3648 1093 3735 ad
1117 3646 1386 3733 calcem
1432 3663 1834 3733 contextus
1867 3649 2285 3735 eorumdem
2345 3661 2588 3733 erant

516 3759 936 3873 adscripti,
987 3757 1100 3864 ἐρ’
1121 3759 1283 3869 fine
1322 3758 1575 3846 ultimi
1624 3762 1941 3870 Prologi
1959 3762 2249 3873 legitur
2275 3791 2303 3844 .·
2340 3781 2585 3845 nxrn.

515 3895 751 3959 mor„
815 3896 1043 3957 mum
1144 3893 1309 3956 xm
1337 3898 1364 3956 1
1392 3899 1419 3958 1
1447 3898 1509 3959 1.
1594 3898 1903 3986 eamque
1963 3871 2589 3987 subscriptionem

517 3988 910 4101 excipiunt
949 3983 1032 4072 hi
1072 3982 1343 4100 versus
1364 4012 1394 4072 .·
2387 4094 2478 4194 N
2576 4100 2592 4116 ⁹
