2894 4823
560 204 874 314 336'
1230 165 1953 306 jus-rtur

554 399 595 410 “’
670 391 867 463 Car.
918 383 1114 459 XIII.
1166 390 1185 421 ⁸
1246 383 1360 456 Ab
1402 380 1664 454 ultimis
1724 380 2042 454 litoribus
2094 383 2364 461 Oceani
2406 387 2625 486 Baby·

574 490 839 564 Ioniam
901 481 1290 557 revertenti
1352 482 1758 566 nuntiatur,
1827 479 2219 576 legationes
2273 486 2628 582 Carthagi-

577 585 961 675 nienssum,
1008 599 1539 675 ceterarumque
1583 575 1871 650 Africae
1906 577 2345 670 civitatium,
2395 583 2507 656 sed
2551 582 2628 657 ὅ(

581 686 1118 781 Hispaniarum,
1148 677 1469 766 Siciliae,
1524 676 1838 764 Galliae,
1887 676 2287 767 Sardiniae,
2342 684 2626 755 nonnul-

579 787 683 859 las
730 794 1006 878 quoque
1058 800 1148 863 ex
1192 775 1397 847 Italia
1432 774 1583 866 ejus
1625 773 2010 846 adventum
2046 777 2471 873 Babyloniae
2509 804 2629 873 op-

581 881 820 979 periri.
922 889 950 922 ²
1001 876 1204 948 Adeo
1249 871 1646 946 universum
1695 891 2027 943 terrarum
2057 877 2300 948 orbem
2338 878 2634 950 nominis

586 980 736 1074 ejus
786 996 1010 1049 terror
1053 970 1445 1060 invaserat,
1497 988 1575 1042 ut
1621 967 1915 1042 cunelae
1961 991 2214 1066 gentes
2256 976 2475 1048 veluti
2516 974 2631 1046 de-

578 1078 832 1151 stinato
865 1073 986 1146 libi
1015 1073 1164 1165 regi
1205 1070 1670 1141 adularentur.
1771 1080 1800 1129 ³
1850 1068 2014 1141 Hac
2054 1071 2270 1166 igitur
2310 1096 2397 1145 ex
2438 1075 2668 1146 causa·

581 1172 1036 1271 Babyloniam
1091 1148 1489 1257 festinanti,
1554 1167 1778 1239 veluti
1822 1189 2255 1242 conventum
2299 1188 2630 1244 terrarum

585 1273 775 1345 orbis
810 1270 1086 1353 attero,
1137 1265 1421 1361 quidam
1466 1288 1553 1338 ex
1590 1264 1832 1360 Magis
1874 1265 2258 1357 praedixit,
2307 1293 2386 1341 ne
2420 1274 2631 1342 urbem

582 1375 919 1456 introiret,
972 1365 1296 1454 testatuS,
1346 1367 1511 1436 hunc
1542 1367 1741 1436 locum
1777 1367 1834 1434 ei
1848 1360 2141 1458 fatalem
2153 1364 2336 1461 sore.
2434 1378 2466 1424 4
2514 1368 2626 1439 Ob
2710 1406 2724 1420 .

584 1472 725 1544 hoc
778 1463 1017 1540 omissa
1065 1463 1446 1560 Babylonia
1477 1515 1505 1554 ‚
1579 1464 1652 1536 in
1693 1462 2093 1558 Borfippam
2149 1466 2396 1538 urbem
2451 1485 2628 1537 trans

2501 1565 2629 1636 Eu-

582 1749 698 1813 5uod
739 1758 791 1794 nt
823 1747 946 1793 beron·
969 1743 1229 1806 fiterificare
1255 1744 1340 1806 t'pst
1353 1744 1439 1807 fas
1463 1741 1578 1816 effit-
1655 1749 1791 1802 quod
1822 1751 1910 1798 vix
1966 1746 2102 1799 cedi
2139 1758 2307 1805 queat.
2366 1746 2633 1807 Legationls

584 1811 891 1860 Tantundem
943 1809 987 1856 ἀ
1038 1809 1314 1856 Plutarchus
1351 1808 1578 1866 prodidit.
1659 1821 1686 1855 a
1737 1812 1973 1861 Romanis
2010 1812 2069 1859 ad
2104 1811 2445 1860 Alexandrum
2481 1809 2630 1857 miffae

588 1875 784 1923 Heroes
834 1884 995 1919 autem
1040 1883 1093 1918 ut
1133 1869 1306 1924 ἑμίθιοι
1326 1903 1344 1930 ,
1360 1871 1577 1929 simidei,
1654 1875 1879 1923 meminit
1911 1877 2034 1923 Plin.
2060 1887 2132 1922 m.
2165 1886 2214 1928 s.
2245 1886 2322 1929 80-
2349 1878 2556 1922 lsi-,Ruec-

589 1937 769 1995 habiti,
795 1934 861 1982 ita
895 1935 940 1983 ὄι
971 1936 1128 1982 cultus
1162 1933 1363 1980 illorum
1395 1947 1421 1981 a
1455 1932 1581 1979 divi·
1726 1949 1771 1993 3.
1808 1938 2001 2002 Quidam
2032 1954 2086 1986 ις
2125 1938 2312 2002 magis]
2343 1938 2461 1986 Vide
2490 1939 2626 1982 sene·

570 2002 664 2050 ‚nis
721 1998 942 2048 nonnihil
991 1996 1304 2055 discrepavit.
1372 1996 1496 2044 Vide
1533 1996 1580 2043 &
1654 2011 1740 2047 cae
1778 2001 2049 2051 suasoriam
2081 2013 2152 2048 ιν.
2183 2001 2236 2050 in
2278 2014 2336 2054 ea
2363 2000 2533 2048 censeo
2563 2000 2628 2045 le·

564 2063 567 2082 '¹
587 2065 753 2113 Notas
790 2060 1047 2108 Blancardi
1087 2059 1146 2107 ad
1179 2059 1263 2107 lib.
1294 2071 1382 2108 vn.
1410 2058 1576 2107 Arrla-
1651 2063 1859 2121 gendum
1894 2099 1911 2123 ,
1953 2057 2174 2126 Babylone
2230 2065 2472 2113 excluditur
2507 2096 2523 2119 ‚
2561 2060 2630 2107 m*

528 2185 531 2186 ⁷
586 2128 654 2175 ni.
691 2128 876 2171 VoRs'r.
1286 2175 1293 2186 .
1642 2130 1799 2188 patuit
1823 2129 2032 2175 Oceanus.
2093 2127 2258 2189 Vulgo
2276 2163 2293 2187 ,
2317 2129 2527 2189 Babylone
2542 2125 2628 2171 clu·

654 2190 796 2237 CAP.
824 2187 937 2235 Xlll.
966 2200 1001 2234 1.
1027 2184 1347 2249 &spaniam
1374 2182 1400 2247 ]
1428 2183 1582 2232 Notat
1652 2189 1793 2237 ditur.
1846 2191 1930 2237 nili
1965 2190 2120 2238 mavis
2140 2224 2157 2251 ,
2213 2194 2406 2253 Babylon
2434 2192 2476 2237 ei
2502 2187 2628 2235 cluit·

591 2253 644 2301 in
691 2250 986 2300 variantibus
1035 2251 1352 2309 Bongarllus,
1381 2247 1476 2295 effe
1531 2247 1581 2294 in
1655 2264 1747 2300 tur.
1783 2253 2034 2301 Ronanus.
2704 2249 2708 2254 ’

588 2329 691 2364 uno
739 2315 841 2362 MS.
888 2316 1153 2376 spaniarum
1174 2347 1190 2372 ‚
1218 2325 1361 2371 atque
1426 2309 1493 2359 ita
1528 2310 1581 2358 in
1713 2328 1761 2375 4.
1789 2318 1857 2362 Ob
1887 2318 1962 2363 bec
1996 2314 2138 2375 omffl
2176 2317 2420 2378 Babylonia
2452 2318 2498 2362 t'u
2523 2313 2625 2373 Byr·

592 2378 792 2439 optimis
823 2377 1186 2435 exemplaribus
1221 2374 1377 2424 Curtii
1402 2373 1579 2436 (forte
1642 2377 1756 2440 fian
1787 2378 1972 2443 urbm]
2001 2379 2197 2427 Birthae
2236 2378 2451 2428 meminit
2477 2377 2626 2425 Ptole·

592 2456 646 2492 x.
694 2456 726 2489 1.
777 2441 896 2502 αι’.)
930 2441 1158 2499 scriptum
1202 2439 1252 2486 se
1298 2437 1578 2497 repperiffe.
1656 2453 1824 2490 maeus
1870 2444 1929 2491 ad
1987 2443 2166 2502 Tigrim
2239 2444 2380 2502 supra
2434 2440 2627 2496 Babylo-

592 2508 742 2553 Certe
788 2505 848 2550 D.
921 2502 1250 2559 Hieronymus
1287 2502 1346 2547 ad
1388 2500 1577 2547 ‘Esaiae
1652 2504 1799 2553 niam.
1864 2505 2078 2563 Byrriam
2119 2507 2250 2554 haud
2287 2506 2387 2553 scio
2415 2518 2472 2552 an
2506 2502 2623 2549 iden

592 2578 739 2626 caput
771 2577 907 2612 thv.
932 2568 1143 2624 Spaniam
1164 2597 1181 2624 ,
1208 2574 1384 2610 vocate
1413 2563 1459 2610 ἅ
1491 2575 1577 2609 ve·
1652 2570 1810 2618 locus.
1862 2569 2096 2616 Arrianus
2117 2570 2454 2616 Alexandrum
2488 2565 2548 2612 ait
2575 2575 2626 2608 e-

590 2640 669 2678 rus
741 2627 791 2674 in
853 2629 1147 2690 juvenalem
1207 2626 1578 2698 Glossographus
1650 2630 1851 2689 grell'um
1895 2631 2190 2691 Babylone,
2231 2645 2323 2692 per
2354 2631 2620 2690 Euphratem

588 2694 774 2748 Tagum
823 2692 1015 2751 spaniae
1068 2688 1185 2736 facit
1249 2688 1484 2736 fluvium-t
1532 2689 1579 2736 δι
1652 2693 1832 2740 venifl‘e
1852 2695 1909 2742 ad
1928 2695 2239 2751 Pallacopam
2273 2693 2466 2742 fluvium
2493 2698 2619 2739 necc-

594 2754 810 2802 Galenus
862 2766 931 2799 vt.
980 2751 1193 2810 Simplic.
1247 2764 1356 2810 cap.
1384 2766 1433 2811 4.
1470 2753 1502 2798 S
1526 2766 1579 2798 a·
1653 2755 1811 2803 stadiis
1844 2770 1869 2805 a
1899 2757 2173 2814 Babylonia
2211 2758 2491 2812 distantem,
2519 2750 2628 2797 inde

590 2833 694 2865 num
740 2826 886 2863 vocat
935 2817 1100 2862 oleum
1143 2827 1205 2861 ex
1241 2815 1389 2863 Iberia
1412 2850 1429 2875 ,
1478 2764 1582 2879 (plic
1653 2819 1959 2875 Babylonem
1991 2819 2271 2878 regrell‘um.
2300 2816 2548 2868 Genuum.

593 2879 879 2939 Hispaniam
943 2889 1197 2935 nuncupat
1225 2877 1252 2937 )
1304 2876 1582 2926 atlveCluma
1714 2882 1949 2944 Byrssam]
1970 2883 2124 2938 Hujus
2153 2886 2259 2931 loci
2279 2895 2424 2930 nemo
2446 2883 2624 2939 praeter

596 2944 850 2993 Consonat
897 2941 1113 3000 denique
1138 2942 1373 2989 hodierna
1409 2943 1580 3001 appel·
1655 2945 1785 2992 hunc
1818 2945 2058 2993 meminit.
2087 2945 2346 2995 Bonoms.
2375 2946 2484 2993 Non
2517 2950 2627 3000 puto

593 3008 718 3055 latio
767 3004 1052 3054 nostratium
1093 3007 1455 3063 italorumque:
1486 3013 1581 3051 nec
1655 3011 1822 3055 locum
1869 3012 1995 3056 hunc
2032 3008 2123 3055 ell'e
2165 3010 2350 3058 sanum.
2389 3007 2515 3053 MSS.
2552 3000 2632 3050 ali·

594 3072 776 3119 abeunt
831 3067 1035 3126 Hispani
1066 3068 1311 3125 Gallique.
1353 3068 1479 3115 Nam
1516 3069 1582 3115 E·
1656 3070 1740 3126 qui
1769 3070 2147 3130 praeferebant,
2191 3071 2457 3133 Burbefim.
2499 3064 2630 3115 Arbi-

580 3134 730 3194 spana
786 3132 831 3179 &
863 3134 1028 3193 Spania
1087 3130 1350 3189 scriptione
1397 3142 1580 3179 tantum
1656 3144 1797 3193 tror,
1859 3134 2164 3182 scribendum
2233 3136 2325 3183 effe
2381 3131 2630 3193 Botl'wpan·

596 3197 860 3251 diss'erunt3
897 3205 1009 3241 cum
1068 3193 1140 3240 illi
1194 3193 1402 3241 vocibus
1456 3193 1582 3241 Lati·
1657 3197 1820 3244 Locus
1849 3198 1933 3246 ille
1972 3210 2072 3246 non
2092 3196 2293 3246 videtur
2327 3196 2473 3254 usque
2509 3192 2629 3239 adeo

595 3261 706 3318 nis,
733 3260 906 3318 quibus
945 3257 1006 3304 ab
1039 3257 1067 3303 S
1104 3256 1245 3303 litera
1280 3255 1506 3314 initium,
1545 3256 1584 3302 E
1660 3259 1870 3309 celebris
1942 3259 2076 3308 fuisse
2170 3274 2301 3309 aevo
2364 3253 2631 3306 Alexandri.

600 3334 914 3384 praeponere
950 3354 968 3374 ,
1007 3318 1213 3376 suasque
1255 3318 1421 3366 facere
1465 3332 1584 3367 con-
1659 3321 1834 3370 Persae
1888 3325 1984 3371 boc
2019 3320 2257 3382 oppidum
2297 3331 2474 3370 vocant
2521 3317 2631 3366 xer·

599 3386 862 3436 fineverint.
890 3382 1014 3430 Vide
1056 3382 1319 3430 Gruterum
1359 3381 1406 3428 in
1441 3382 1587 3442 Capi·
1660 3400 1762 3435 ms.
1826 3388 1917 3434 Sed
1954 3398 2154 3446 errant,
2204 3398 2313 3434 cum
2347 3384 2539 3437 dicunt,
2583 3379 2632 3426 in

599 3449 740 3499 tolini
771 3446 1067 3496 Antoninum
1085 3459 1192 3503 cap.
1213 3458 1245 3492 ι.
1283 3445 1327 3491 δι
1358 3446 1586 3494 Merulae
1662 3461 1725 3496 eo
1747 3450 2080 3497 Alexandrum
2100 3461 2343 3496 mortuum
2366 3446 2471 3494 effe.
2491 3443 2632 3491 Voss.

600 3512 856 3569 cosmogr.
904 3522 952 3566 p.
983 3518 1092 3563 275.
1125 3510 1184 3556 A.
1239 3508 1305 3554 ita
1350 3511 1587 3570 spanienfis
1662 3510 1718 3559 ls.
1754 3510 1984 3561 volnus&
2032 3514 2153 3560 rim
2191 3509 2409 3566 conjecit
2437 3508 2631 3569 οὐςὸχοε

595 3587 717 3624 xxm.
748 3587 790 3628 5.
821 3586 873 3620 n.
904 3572 953 3619 in
991 3570 1308 3619 Variantibus.
1334 3571 1556 3620 BERNec.
1658 3575 1994 3634 corrigendum
2015 3608 2033 3632 ‚
2075 3573 2338 3637 Borstppaem.
2418 3567 2492 3616 Sic
2524 3568 2636 3615 sane

668 3639 746 3683 Ex
796 3633 973 3693 ltalia]
1004 3634 1151 3682 Erant
1185 3634 1232 3681 in
1269 3632 1341 3681 his
1372 3633 1581 3696 Bruttii,
1657 3637 1832 3697 legitur
1866 3640 1992 3698 apud
2022 3640 2205 3700 Juntas.
2238 3638 2432 3683 Gmsv.
2494 3633 2631 3679 Prae·

600 3699 784 3749 Lucanl
805 3730 822 3756 ,
847 3697 1010 3746 Tusci.
1057 3698 1187 3744 Num
1236 3697 1279 3743 δι
1332 3696 1581 3748 Romani?
1657 3704 1790 3748 clare
1842 3700 2054 3759 Vollius,
2122 3702 2386 3763 Borfippaen.
2460 3695 2630 3752 Neque

598 3762 823 3810 Afferunt
876 3762 971 3806 hoc
1021 3760 1202 3817 aliqui:
1230 3759 1405 3808 diserte
1436 3775 1578 3821 negat
1657 3767 1828 3823 enirn,
1874 3776 1936 3812 eo
1989 3764 2186 3823 quidem
2230 3763 2280 3810 in
2325 3763 2477 3818 loco,
2530 3758 2630 3803 ulla

599 3824 835 3877 Arrianus
864 3822 946 3868 lib.
971 3835 1056 3869 vu.
1089 3825 1189 3873 lmo
1220 3822 1337 3870 dicit
1376 3824 1479 3872 Liv.
1510 3839 1579 3872 tx.
1654 3828 1813 3881 Bursa'ae
1863 3838 1983 3876 erat.
2035 3828 2218 3875 Fauen.
2264 3824 2394 3871 Mss,
2444 3820 2631 3880 qnidssm

601 3888 675 3937 18.
723 3897 765 3937 5.
814 3885 1117 3931 Alexandrum
1167 3886 1386 3946 Magnum
1418 3904 1471 3934 ne
1496 3889 1578 3949 fh·
1654 3880 1752 3947 pro'
1782 3890 1983 3951 Burfinn
2008 3890 2189 3937 habent
2218 3885 2480 3948 Bur-bestola.
2512 3879 2628 3927 Vos·

591 3967 667 4002 aa
690 3948 857 4014 1⁸1¹!ss-
871 3948 1029 4009 202⁶&
1053 3950 1181 3997 Ru*-
1208 3950 1578 4013 coemunfbffi.
1652 3951 1743 4001 lius
1793 3954 2057 4015 legendum
2105 3950 2322 4010 conjecit
2372 3947 2637 4069 Berffi
