2894 4823
702 264 770 335 L
817 284 847 337 1
895 267 983 336 13:
1058 262 1293 340 XVI.
1345 323 1349 328 .
1436 260 1500 334 C
1542 280 1589 336 A
1633 280 1712 341 ι’..
1798 261 1901 340 V.
2192 271 2351 363 415

272 438 359 519 ad
404 462 619 539 quam
672 439 993 535 quotidie
1022 438 1415 535 praeceptis
1458 436 1778 534 magistri
1814 438 2340 535 erudiebantur,

266 545 541 640 patriae
570 539 905 612 exhibere
935 537 1339 635 cupientes,
1388 536 1903 634 quinquaginta
1954 559 2343 636 cognatos,

266 640 500 716 veluti
533 638 866 726 clientes,
917 637 988 710 in
1022 635 1285 710 insidiis
1320 639 1579 710 locant.
1684 645 1744 692 ¹⁴
1794 635 1931 732 Ipsi
1963 662 2162 711 more
2195 642 2342 737 jur·

271 739 602 836 gantium
663 736 749 808 ad
803 755 1211 830 tyrannum,
1256 736 1481 808 veluti
1522 732 1608 807 ad
1643 756 1933 834 regern,
1984 736 2054 809 in
2105 760 2345 817 arcem.

268 834 750 913 contendunt:
810 844 864 893 ¹5
915 833 1032 929 qui
1064 833 1220 927 jure
1253 832 1748 908 familiaritatis
1804 833 2124 927 admisti,
2171 836 2344 913 durn

265 939 567 1010 alterum
620 933 924 1031 priorem
967 931 1328 1004 dicentem
1369 932 1680 1004 intentus
1726 932 1921 1005 audit
1962 950 2343 1030 tyrannus,

268 1038 356 1108 ab
393 1035 622 1106 altero
652 1032 1132 1105 obtruncatur.
1233 1028 1289 1073 ¹⁶
1335 1030 1473 1103 Sed
1505 1026 1582 1101 &
1609 1026 1770 1124 ipsi,
1821 1030 2027 1105 sociis
2073 1032 2339 1109 tardius

265 1132 605 1206 auxilium
640 1125 1069 1217 ferentibus,
1113 1151 1152 1199 a
1181 1129 1592 1223 satellitibus
1626 1130 2026 1201 obruuntur.
2084 1140 2144 1187 ¹⁷
2174 1132 2335 1233 Qua

263 1255 339 1305 re
390 1226 661 1302 fastum
693 1225 831 1316 est,
881 1244 959 1301 ut
990 1243 1321 1324 tyrannus
1351 1224 1639 1321 quidem
1677 1226 2156 1318 occideretur,
2212 1230 2333 1304 sed

264 1327 496 1425 patria
547 1347 689 1397 non
735 1325 1160 1399 liberaretur.
1262 1322 1317 1370 ¹⁸
1362 1327 1560 1398 Nam
1599 1321 1816 1398 frater
1858 1327 2175 1401 Clearchi
2207 1330 2350 1401 Sa·'

264 1447 460 1523 tyrus
512 1423 764 1513 eadem
816 1425 936 1497 via
967 1423 1405 1519 tyrannidem
1442 1422 1754 1497 invadit:
1804 1424 2178 1520 multisque
2209 1447 2330 1497 an-

260 1528 408 1613 nis,
457 1544 591 1617 per
635 1522 888 1619 gradus
935 1522 1367 1599 successionis
1399 1578 1422 1615 ‚
1489 1521 1982 1605 Heraclienses
2026 1545 2326 1620 regnum

267 1642 725 1721 tyrannorum
759 1619 979 1695 fuere.
1007 1697 1010 1701 ,

442 1780 455 1803 t

260 1832 352 1878 gne
398 1819 465 1865 de
503 1815 755 1875 discipulis
790 1814 1113 1875 institutisque
1148 1817 1257 1863 Pla-
1326 1816 1569 1866 Isocratis.
1594 1817 1821 1872 neman.

259 1883 393 1930 tonis
408 1882 603 1937 judicat
624 1881 917 1928 Athenaeus.
950 1878 1082 1940 Quin
1099 1879 1255 1937 ipsum
1391 1884 1561 1929 Εαάσω
1599 1881 1717 1945 via]
1745 1884 1890 1944 Qua?
1926 1897 2021 1945 qua
2055 1882 2322 1935 Clearchus

258 1948 519 1993 Platonem
556 1943 622 1989 ob
650 1942 794 1995 {aava
826 1943 1096 2002 vunnu&
1130 1943 1256 1990 haud
1329 1943 1588 1993 invaserat.
1616 1946 1723 2006 Jam
1748 1959 1871 1993 vero
1907 1947 1948 1996 is
1969 1946 2212 1996 invaserat
2242 1948 2322 2002 ju-

257 2009 476 2056 ohscure
512 2005 778 2063 perstringit
811 2006 1084 2065 Xenophon
1111 2004 1256 2063 Epist.
1330 2008 1496 2055 vando
1532 2006 1737 2065 primum
1765 2011 1992 2058 Senatum
2012 2044 2029 2065 ‚
2067 2022 2184 2056 mox
2211 2013 2323 2069 ple-

256 2073 321 2118 ad
339 2069 645 2117 Aeschinem
663 2066 743 2114 fin.
762 2080 810 2126 p.
836 2081 970 2116 1000.
1003 2070 1050 2117 d.
1079 2070 1144 2116 Ut
1168 2068 1256 2115 mi-

256 2147 367 2181 rum
401 2135 459 2180 iit
477 2165 495 2190 ,
525 2142 680 2189 quare
706 2131 792 2177 hos
810 2132 1021 2180 Platonis
1051 2144 1113 2178 ex
1133 2132 1255 2179 doc-

255 2197 385 2243 trina
422 2192 582 2242 factos
623 2194 885 2251 tyrannidis
914 2195 1083 2244 osores
1119 2193 1252 2242 dicat

251 2258 465 2308 Auctor.
494 2258 716 2305 BERNEC.

310 2324 463 2370 Veluti
484 2324 655 2367 clientes
673 2353 689 2378 ‚
719 2320 764 2367 ἃ
793 2332 911 2368 mox
941 2322 1082 2368 veluti
1097 2321 1162 2368 ad
1177 2335 1246 2367 re·

246 2384 409 2448 gem]
442 2384 729 2432 Gloss'emata
762 2382 869 2431 sunt
888 2383 1084 2445 ‚Sebifii
1117 2381 1248 2442 judi·

252 2451 333 2497 cio
375 2450 421 2495 ἀ
459 2460 590 2495 meo.
618 2447 766 2494 lomi.

321 2525 402 2569 ¹4·
433 2524 510 2565 15·
543 2508 653 2571 16.]
687 2507 939 2557 simillima
973 2508 1251 2557 referuntur

252 2589 279 2623 a
316 2574 471 2622 Livio
513 2585 553 2620 r.
584 2585 662 2631 40.
690 2573 842 2619 lnam.

319 2650 393 2690 15.
426 2639 524 2698 Qui
548 2640 655 2693 jure
680 2636 1018 2695 fhmilian'ean's
1036 2633 1241 2697 admtffi]

252 2700 397 2747 Forte
415 2733 433 2758 ,
484 2702 641 2760 quibus
664 2703 773 2756 Jure
796 2698 1136 2760 fhmiliaritatis
1160 2700 1241 2745 ad·

252 2763 395 2822 nsffis.
438 2762 678 2807 Gnoxov.

318 2829 395 2873 18.
424 2823 593 2872 Frater
626 2824 826 2870 Clearchi
858 2825 1037 2881 samus
1051 2820 1087 2882 ]
1121 2820 1241 2869 Dio-

253 2887 404 2936 dorus
450 2901 557 2935 xvi.
596 2887 671 2940 36.
715 2885 867 2933 filium
896 2888 1158 2933 Timotheum
1191 2883 1240 2930 ei

251 2950 510 2998 successili'e
548 2949 728 2996 refert:
760 2949 843 3007 qui
872 2950 917 2996 &
947 2961 1060 2996 eum
1091 2948 1240 2995 inter-

248 3011 431 3060 sestum
452 3012 518 3060 ait
538 3047 556 3072 ,
581 3013 812 3059 Διονυσίων
835 3010 968 3059 ὄντων
987 3044 1003 3071 ,
1021 3010 1101 3058 ἐπὶ
1121 3011 1239 3057 θίαν

250 3074 525 3139 &siena-a.
588 3073 803 3122 Consule
834 3074 1122 3120 Memnonis
1141 3072 1237 3118 Ex-

253 3149 439 3196 cerpta.
472 3137 722 3184 Romans,
786 3137 908 3183 Item
931 3138 1237 3183 Athenaeum

212 3239 221 3248 ,
248 3212 323 3248 m.
346 3213 389 3256 7.
425 3202 472 3247 &
492 3214 581 3246 κη.
608 3213 680 3249 ια.
715 3200 760 3247 δι
785 3199 945 3246 rursus
961 3199 1238 3246 Diodorum

250 3273 337 3309 xx.
370 3266 448 3318 78.
478 3264 664 3323 Quibus
701 3261 979 3310 auctoribus
1020 3262 1148 3308 inter
1186 3260 1237 3307 sc

249 3327 439 3372 collatis
486 3325 825 3383 pensitatisque
862 3359 878 3383 ,
923 3322 1239 3371 Freinshemii

254 3388 403 3434 nostri
424 3389 657 3438 sententia
678 3388 951 3434 verisimilis
984 3386 1096 3433 mihi
1129 3387 1238 3433 rcd·

258 3448 384 3495 ditur
403 3485 418 3506 ,
445 3450 695 3498 austorcm
726 3450 810 3497 ista
830 3449 917 3497 suo
956 3462 1095 3498 more
1116 3460 1234 3496 con·

258 3509 454 3560 sundere
477 3547 492 3570 ,
521 3517 566 3561 ἀ
603 3516 725 3561 duos
757 3513 1051 3572 Clearchus,
1086 3524 1232 3559 avum

262 3584 402 3629 atque
436 3588 668 3635 nepotem
688 3610 705 3632 ,
733 3576 782 3621 in
810 3586 961 3622 unum
1000 3575 1231 3623 conflare.

263 3635 366 3681 Res
395 3638 451 3683 ita
477 3641 633 3687 babet.
686 3640 923 3692 Clearchi»,
956 3637 1035 3694 qul
1068 3651 1231 3694 tyran-

256 3697 426 3744 nidem
474 3702 744 3749 Heracleae
800 3701 984 3757 primus
1036 3700 1235 3758 invalit,

251 3760 513 3810 successere
558 3765 647 3813 filii
679 3797 709 3821 ‚-
747 3764 987 3810 Timotheus
1032 3767 1194 3820 primo
1217 3795 1236 3817 ,

245 3822 433 3870 deinde
460 3827 701 3888 De‘onyssm:
731 3826 965 3882 Dionysso
991 3824 1106 3871 item
1140 3824 1233 3871 filii

240 3887 480 3944 zathus,
506 3891 629 3950 (qui
663 3890 794 3935 forte
828 3886 1012 3947 Justino
1047 3891 1235 3934 Saturus

236 3951 338 3998 seu
377 3952 545 4009 Satyrus
590 3951 707 4009 est)
741 3952 786 3996 ὅτ.
826 3952 1059 3997 clearchus
1093 3953 1232 3998 alter.

229 4015 520 4080 Desarym
553 4013 766 4064 Pontico
809 4013 1014 4071 Dionys.
1047 4012 1101 4060 in
1133 4012 1233 4061 fine

1331 2069 1445 2116 bern
1483 2081 1652 2116 contra
1691 2083 1803 2117 eum
1831 2105 1848 2129 ‚
1894 2073 1938 2117 δι
1975 2071 2204 2129 ξηςὶεηᾶο
2237 2085 2321 2119 ce-

1329 2142 1433 2180 tera
1456 2165 1473 2189 ,
1503 2144 1628 2190 quae
1658 2132 1789 2189 apud
1818 2133 2032 2180 nostrum
2080 2135 2322 2192 leguntur.

1326 2194 1501 2254 Qualia
1540 2206 1636 2241 nec
1670 2194 1792 2241 fecit
1830 2197 2064 2253 Satyrus,
2109 2207 2205 2242 nec
2232 2210 2321 2244 ne·

1324 2258 1452 2306 celse
1491 2256 1655 2305 habuit
1686 2290 1703 2316 ,
1748 2256 1942 2315 pridem
1990 2258 2137 2306 caelis
2185 2257 2322 2307 hisce

1324 2319 1592 2377 omnibus,
1639 2331 1718 2368 aut
1772 2321 1823 2366 in
1856 2320 2074 2368 exsilium
2124 2317 2316 2376 ejestis.

1324 2383 1488 2444 Quare
1543 2394 1663 2442 puto
1717 2383 1843 2443 apud
1905 2384 2122 2433 nostrum
2162 2384 2314 2434 eaden
2343 2413 2356 2418 —

1323 2451 1378 2495 ω·
1432 2447 1690 2505 legendum
1747 2447 1878 2506 effe,
1933 2461 1993 2496 ac
2038 2446 2314 2506 intelligen-

1326 2512 1436 2559 dam
1473 2511 1573 2557 vim
1609 2509 1902 2570 satellitum,
1938 2523 2035 2568 qua
2065 2509 2224 2559 Chion
2262 2512 2312 2561 δε

1324 2572 1568 2622 Leonides
1599 2586 1736 2622 erant
1771 2572 2059 2621 obtruncati.
2103 2575 2309 2623 Scirem.

1321 2639 1489 2690 Eadem
1523 2640 1601 2684 via
1633 2637 1701 2683 est
1731 2649 1888 2695 aeque
1926 2649 1977 2685 ut
1991 2637 2156 2685 frater.
2188 2638 2306 2686 Non

1315 2700 1516 2759 quidem
1555 2701 1731 2747 eodem
1766 2702 1932 2748 modo.
1961 2702 2157 2750 GRAnv.

1372 2762 1794 2826 stltalte'5qreeann1's]
1825 2763 1877 2810 In
1906 2763 2188 2813 Memnonis
2203 2763 2304 2810 Ex·
2338 2799 2350 2820 ,

1317 2824 1501 2882 ccrptis
1536 2825 1737 2883 legimus
1771 2827 2092 2875 Heracleotas
2121 2828 2303 2886 partim

1315 2900 1342 2934 a
1379 2887 1593 2942 tyrannis
1627 2921 1643 2947 ,
1685 2888 1858 2946 partim
1904 2902 1930 2934 a
1985 2891 2304 2948 Lysimacho,

1316 2949 1532 3007 privatos
1549 2950 1771 2997 libertate
1784 2949 1916 2996 fuiss'c
1930 2964 2301 2999 annosnxxxrv.

1312 3012 1532 3059 Benene.

1377 3073 1672 3132 Heracliensis
1708 3073 1796 3132 sub
1836 3089 1968 3135 regno
2015 3085 2302 3135 tyrannorum

1298 3136 1490 3200 fuera]
1539 3138 1638 3184 MS.
1685 3137 1980 3196 Heracliensis
2020 3153 2198 3197 regnum
2233 3147 2303 3196 ty-

1312 3218 1550 3248 rannorum
1578 3201 1726 3261 ficere.
1767 3201 1834 3246 Ita
1881 3203 2146 3256 loquuntur
2170 3198 2304 3258 opti-

1313 3266 1378 3311 mi
1409 3265 1590 3322 quique
1630 3263 1892 3322 scriptores
1913 3295 1930 3320 ,
1973 3263 2016 3308 ot
2048 3261 2153 3319 ipse
2174 3274 2298 3318 quo·

1315 3340 1409 3384 que
1444 3326 1669 3390 Justinus,
1748 3325 1825 3371 Sic
1880 3324 2003 3371 infra
2043 3324 2124 3371 lib.
2170 3336 2299 3373 xvir.

1314 3401 1420 3448 cap.
1457 3400 1501 3443 3.
1541 3390 1668 3450 Quae
1705 3388 1755 3434 ὅ
1791 3388 1882 3447 ipstt
1911 3389 2046 3448 genus
2075 3387 2302 3432 Aeact'dae·

1309 3469 1406 3499 rum
1433 3465 1550 3499 erat.
1617 3452 1687 3497 lta
1727 3450 1857 3496 enim
1881 3461 1943 3495 ex
1978 3450 2298 3506 Mss.1cgen-

1304 3516 1435 3561 dum.
1467 3516 1604 3561 Voss.
1666 3511 1824 3559 Retste
1861 3513 1989 3558 MSS.
2038 3513 2296 3558 Heraclien·

1294 3577 1363 3634 fis
1410 3593 1591 3638 regnum
1624 3587 1907 3637 tyrannorum
1925 3574 2073 3637 ficare.
2126 3573 2298 3633 virgil.

1307 3653 1343 3686 1.
1378 3640 1507 3686 Aen.

1535 3761 1626 3807 Hoc
1659 3776 1836 3826 regnum
1866 3759 1948 3808 dea
1956 3764 2154 3822 gentibus
2180 3760 2255 3824 effi
2269 3797 2293 3825 ,

1374 3825 1424 3871 Si
1452 3838 1540 3884 qua
1562 3824 1850 3886 sbtafinant.

1309 3949 1414 3997 Liv.
1435 3964 1467 3997 1.
1494 3949 1524 3994 f.
1554 3950 1716 3995 Gabios
1733 3963 1914 4008 ,regnum
1950 3952 2186 4010 strqur‘m'i
2203 3962 2295 3995 vo-

1311 4024 1404 4061 cat.
1470 4013 1524 4064 ld
1563 4023 1701 4059 xxix.
1740 4022 1817 4068 32.
1861 4013 2200 4075 Mafaeffllorum
2231 4010 2295 4068 fi·

2187 4088 2276 4127 ms,
