2894 4823
910 322 2127 443 PRAEFATIO.

479 543 863 657 consului,
911 569 1103 657 quas
1143 568 1242 629 ex
1281 537 1846 654 irzslruHiffima
1864 537 2023 651 flea
2068 538 2546 631 Bibliotheca
2621 621 2632 632 .

476 654 819 741 LondIni
871 683 1139 742 mecum
1173 659 1750 741 communicavit
1791 657 1944 739 Vir
1983 652 2530 767 Nobiltffimus,

476 767 924 853 Richardus
976 769 1226 853 Mead
1246 828 1273 871 ,
1332 771 1543 874 cujus
1588 766 1929 876 beneficio
1981 765 2405 872 Juntinam
2457 794 2533 852 e·

475 878 825 964 ditionem
864 906 1162 993 quoque
1214 876 1481 964 naHus
1500 874 1661 986 fui.

512 1004 525 1011 '
594 993 943 1101 Prologis
1033 993 1452 1075 Librorum
1527 990 1772 1098 Trogi
1848 992 2184 1101 Pompeji
2240 986 2537 1101 subjeci

482 1104 854 1185 Virorum
894 1100 1315 1186 Dotlorum
1357 1117 1576 1185 notas
1610 1106 1960 1211 integras
1988 1160 2015 1199 ‚
2089 1110 2300 1187 inter
2390 1129 2529 1187 uas

479 1215 860 1298 excellunt
910 1216 1455 1299 emendationes
1520 1211 2139 1325 Reverendiffimi
2197 1213 2332 1299 Ab
2377 1219 2539 1299 at'is

480 1324 568 1407 de
636 1326 1125 1436 Longuerue,
1184 1349 1375 1439 quas
1419 1324 1984 1435 Eruditiffimus
2028 1327 2228 1427 Vir,
2275 1330 2536 1410 incom-

474 1439 859 1546 parabilis
918 1443 1481 1551 antiquitatum
1515 1462 1607 1520 ac
1652 1442 1772 1520 rei
1824 1438 2281 1522 litterariae
2317 1439 2536 1523 arbi·
2619 1536 2624 1541 ‚

474 1565 653 1651 ter,
728 1552 926 1633 Rev.
973 1552 1075 1633 D.
1138 1549 1596 1633 Bernartius
1653 1546 2295 1654 Montffalconius
2335 1551 2538 1634 Dia-

332 1682 337 1685 ’
479 1664 608 1741 rio
663 1663 940 1743 Italico
1004 1659 1438 1769 inseruerat
1484 1723 1506 1759 ‚
1581 1662 1868 1770 easque
1887 1662 2293 1767 plurimum
2333 1663 2536 1745 deco-

479 1773 598 1854 ris
663 1772 857 1854 huic·
896 1773 1204 1857 editioni
1259 1773 1676 1855 adlaturas
1715 1772 2062 1856 credidi:
2141 1790 2230 1855 ut
2281 1789 2537 1858 autem

481 1910 748 1967 earum
782 1886 1045 1985 rati0‚
1102 1886 1564 1995 codicumque
1604 1886 1838 1965 MSS.
1885 1885 2152 1995 quibus
2193 1883 2364 1994 ustas
2404 1885 2535 1994 cst,

481 1995 797 2095 recensio
838 2000 1231 2107 unicuique
1278 1998 1567 2080 clarius
1625 2011 2008 2105 appareat
2029 2053 2058 2094 ,
2117 2000 2387 2105 optime
2426 2023 2537 2080 me

454 2102 874 2212 fallurum
907 2125 1091 2216 puto
1119 2170 1142 2205 ,
1171 2107 1251 2215 fi
1282 2104 1444 2217 ipsa
1491 2109 1688 2191 Rev.
1735 2108 2321 2209 Montefalc'onii
2356 2133 2537 2193 ver-

481 2220 624 2320 ba,
677 2247 872 2330 quae
907 2237 1067 2300 turn
1104 2225 1183 2303 in
1205 2217 1488 2327 fronte
1523 2234 1883 2302 notarum
1908 2283 1934 2321 ,
1990 2236 2151 2303 tum
2194 2225 2275 2305 in
2307 2237 2533 2332 prae·

457 2328 772 2439 satione
828 2330 1136 2440 exstant
1170 2390 1197 2434 ,
1267 2356 1368 2417 ex
1432 2332 1723 2417 Diario
1783 2332 2005 2442 ipfius
2066 2332 2344 2417 Italico
2395 2333 2537 2417 huc

394 2495 405 2506 ·
478 2455 951 2536 revocarem.
1071 2450 1194 2529 Sic
1246 2449 1500 2554 igitur
1555 2445 1696 2527 ille.
1791 2501 1849 2545 ‚‚
1909 2447 2072 2529 Per
2112 2445 2537 2530 Romanum

476 2612 539 2659 2,
602 2553 833 2637 otium
885 2555 1253 2642 hortante
1295 2553 1840 2668 frequentibus
1891 2554 2206 2664 epistolis
2241 2563 2534 2644 amicis·-

475 2726 539 2773 „
592 2666 763 2770 fimo
823 2673 1005 2751 viro
1031 2727 1058 2771 ‚
1111 2694 1203 2753 ac
1244 2667 1700 2751 litterarum
1732 2671 1961 2751 omnis
1989 2673 2295 2778 generis
2325 2673 2535 2782 peri—

479 2835 537 2884 „
591 2785 707 2863 tia
768 2805 927 2862 cum
979 2783 1251 2890 primis
1315 2784 1681 2888 Europae
1719 2781 2179 2865 numerando
2221 2783 2323 2865 D.
2369 2783 2535 2867 Ab·

479 2953 537 3002 „
593 2893 776 3003 bate
835 2893 922 2975 de
1004 2893 1458 3002 Longuerue
1499 2949 1526 2990 ‚
1637 2896 1717 2973 in
1785 2891 2169 2977 Codicibus
2238 2894 2536 2999 Juliini

475 3067 540 3110 ‚,
602 3006 961 3115 Prologos
1017 3002 1550 3108 Historiarum
1622 3000 2229 3111 Philippicarum
2289 3008 2532 3115 Trogi

478 3175 540 3221 „
594 3111 931 3227 Pompeji
988 3116 1394 3228 conquisivi
1433 3146 1460 3200 .·
1560 3119 1639 3199 in
1699 3116 2084 3200 Vaticana
2150 3116 2328 3201 duos
2377 3118 2536 3223 Ju-

474 3223 536 3334 ,ᾖ
569 3227 767 3338 stini
827 3228 1126 3330 Codices
1198 3231 1538 3337 Prologis
1590 3223 1993 3333 irstrullos
2027 3229 2525 3334 deprehendi3

476 3398 539 3446 2,
594 3346 676 3428 in
769 3339 1241 3426 Bibliotheca
1318 3336 1807 3450 Illustriffimi
1877 3339 2357 3426 Marcbionis
2440 3341 2529 3424 de

479 3513 540 3559 „
601 3453 984 3536 Maximis
1016 3454 1069 3505 ³¹¹²
1093 3455 1410 3535 tertium
1444 3453 1749 3560 reperi,
1807 3475 1967 3532 cum
2005 3457 2098 3534 iis
2138 3478 2328 3537 vero
2367 3479 2531 3535 con·

478 3563 538 3668 ‚3
598 3566 744 3649 tuli
808 3565 1171 3680 Prologos
1210 3621 1237 3662 ‚
1332 3580 1421 3646 ut
1485 3569 1564 3646 in
1640 3561 1863 3646 editis
1928 3561 2233 3670 exstant
2276 3622 2302 3661 ,
2391 3565 2527 3664 lci-

478 3736 537 3784 „
590 3678 764 3761 licet
818 3681 1012 3760 mire
1077 3679 1401 3778 vitiati,
1485 3690 1578 3757 ut
1640 3677 1788 3757 vix
1822 3670 2105 3785 sanum
2143 3676 2532 3788 quidpiam

2302 3847 2359 3889 τ’
2418 3815 2532 3872 00‘
2631 3889 2634 3894 .

555 3904 596 3946 *
641 3906 781 3987 cap.
820 3873 916 3973 ⁶18.
954 3913 1100 3985 pag.
1134 3913 1280 3984 255.
1358 3942 1407 3977 ‚,
1457 3893 1559 3961 Ex
1587 3893 1781 3962 MSS.
1849 3896 2198 3965 codicibus
2243 3898 2527 3983 eiusdem

468 4039 526 4077 „
570 3989 1071 4058 nobmfflm'rvin‘
1103 3985 1299 4047 varias
1324 3979 1741 4075 Prologorum
1761 3979 1965 4067 Trogi
1986 3982 2273 4067 Pompeii
2308 3984 2530 4052 lectio-

478 4121 529 4156 „
575 4095 688 4145 nes
715 4075 988 4140 eruimus
1015 4067 1127 4136 suo
1168 4066 1321 4134 loco
1362 4064 1796 4150 publncandus.
1824 4067 1862 4093 ’⁹
