2894 4823
566 228 707 326 362
1212 223 1255 317 J
1328 242 1379 295 u
1460 246 1492 298 s
1567 247 1614 297 ’r
1691 243 1720 297 1
1787 245 1839 298 Ν
1919 244 1950 296 1

563 398 660 486 ti,
711 393 1268 469 restituebantur.
1374 405 1401 459 ³
1450 396 1651 499 Quae
1691 398 2032 470 recitatae
2071 397 2437 491 praesente
2465 398 2615 473 uni-

561 494 764 568 versa
809 494 1112 568 Graecia
1157 494 1232 567 in
1265 513 1579 569 mercatu
1607 496 2030 592 Olympiaco
2062 519 2358 592 magnos
2388 514 2618 569 motus

565 592 926 667 fecerunt:
979 603 1014 648 4
1059 591 1243 687 quod
1287 593 1569 689 plurimi
1620 614 1765 667 non
1816 595 2089 690 legibus
2130 594 2297 687 pulsi
2354 595 2620 690 patria,

569 691 694 765 sed
747 713 874 785 per
919 689 1299 764 factionem
1350 691 1752 788 principum
1816 689 2097 765 fuerant
2127 746 2150 780 ‚
2213 693 2622 767 verentibus

567 790 816 863 iisdem
862 788 1294 883 principibus
1324 841 1349 878 ‚
1413 812 1505 861 ne
1555 790 1876 862 revocati
1925 790 2362 885 potentiores
2398 790 2470 863 in
2513 813 2622 861 re-

570 886 852 984 publica
897 885 1171 958 flerent.
1291 893 1318 939 ¹
1374 887 1609 959 Palam
1673 887 1887 984 igitur
1937 888 2088 984 jam
2148 906 2317 961 tunc
2360 890 2622 960 multae

573 985 901 1058 civitates
955 985 1360 1059 libertatem
1413 986 1601 1058 bello
1648 984 2143 1059 vindicandam
2194 984 2616 1059 fremebant.

573 1080 603 1126 ⁶
664 1081 1016 1178 Principes
1074 1100 1311 1155 tamen
1379 1083 1695 1166 omnium
1739 1080 2202 1157 Athenienses
2255 1085 2332 1157 δι
2380 1081 2622 1157 Aetoli

575 1180 798 1254 fuere.
905 1191 932 1237 ⁷
1003 1180 1215 1282 Quod
1263 1204 1423 1254 cum
1477 1182 1874 1254 nuntiatum
1923 1181 2332 1254 Alexandro
2383 1179 2550 1258 effet
2592 1230 2624 1269 ,

573 1278 766 1354 mille
814 1302 1028 1351 naves
1067 1278 1312 1375 longas
1343 1278 1550 1352 sociis
1584 1277 1912 1376 imperari
1941 1298 2444 1374 praeceperat,
2472 1276 2619 1373 qui·

572 1378 707 1450 bus
770 1376 844 1450 in
891 1376 1293 1450 Occidente
1366 1378 1624 1449 bellum
1685 1394 2021 1475 gereret3
2086 1376 2621 1471 excursurusque

574 1498 736 1548 cum
778 1475 1011 1547 valida
1046 1497 1251 1546 manu
1291 1473 1519 1547 fuerat
1548 1474 1636 1571 ad
1666 1476 1981 1552 Athenas
2020 1474 2376 1548 delendas.
2426 1475 2453 1520 ⁸
2487 1475 2620 1571 igi.-

573 1592 693 1645 tur
708 1571 1588 1661 Athenienses‚contracio
1621 1574 1911 1670 triginta
1943 1573 2236 1646 millium
2268 1573 2627 1661 exercitu,

577 1669 658 1745 &
705 1670 1024 1744 ducentis
1073 1672 1369 1742 navibus
1400 1724 1421 1758 ,
1483 1670 1748 1741 bellum
1794 1694 1955 1744 cum
2008 1671 2396 1766 Antipatro
2425 1725 2446 1760 ‚
2509 1668 2618 1742 cui

581 1769 887 1843 Graecia
923 1766 1104 1839 sorte
1140 1785 1517 1856 evenerat,
1543 1789 1848 1863 gerunt3
1898 1791 2195 1862 eumque
2227 1767 2620 1846 detreEkaw

578 1888 726 1944 tem
774 1866 1105 1962 praelium
1140 1921 1161 1954 ‚
1227 1863 1302 1936 &
1351 1866 1745 1940 Heracleae
1793 1867 1979 1938 urbis
2030 1867 2395 1940 moenibus
2425 1889 2613 1938 tuen·

579 1988 724 2040 tem
771 1966 883 2055 se,
933 1962 1293 2036 obsidione
1325 1964 1641 2061 cingunt.
1744 1975 1780 2020 ⁹
1820 1963 2091 2036 Eodem
2127 1984 2449 2059 ternpore
2479 1965 2614 2036 De-

580 2061 1022 2151 mostheneS,
1049 2060 1495 2134 Atheniensis
1524 2079 1799 2149 orator,
1850 2063 2076 2156 pulsus
2106 2064 2337 2156 patria
2368 2064 2457 2134 ob
2489 2060 2649 2138 cri-.-

580 2187 748 2238 men
795 2161 1070 2256 accepti
1115 2161 1200 2233 ab
1243 2161 1555 2257 Harpalo
1608 2159 1804 2249 auri,
1843 2162 1961 2256 qui
1995 2160 2484 2235 crudelitatem
2517 2159 2612 2328 ἒ-

2311 2259 2512 2332 lexan
2563 2254 2620 2328 ri

576 2463 724 2508 liceret
749 2456 842 2518 fine
866 2456 1037 2518 frande
1067 2460 1127 2505 ab
1160 2460 1297 2505 mis
1324 2456 1535 2515 drfiedere
1548 2489 1565 2515 ,

569 2534 756 2584 praeter
791 2536 936 2566 rerum
971 2522 1226 2581 capitalium
1255 2521 1562 2566 condemnatis.

576 2585 699 2645 Quia
748 2593 910 2629 tamen
965 2582 1014 2629 in
1055 2583 1126 2630 his
1162 2583 1324 2629 verbis
1351 2578 1564 2628 Sallustii

578 2653 635 2696 oro*
668 2644 956 2692 condemnatis
988 2645 1167 2702 regitur
1202 2658 1228 2691 a
1272 2645 1429 2691 verbo
1461 2646 1565 2691 lico-

584 2717 687 2765 at,
717 2719 817 2752 non
868 2720 893 2753 a
933 2708 1308 2767 praeter-‚quod
1366 2718 1477 2754 cum
1511 2708 1564 2754 fit

583 2768 867 2819 adverbium
892 2802 910 2826 ,
939 2767 1101 2816 casum
1151 2770 1274 2828 regit
1318 2771 1508 2817 nullum
1544 2781 1561 2824 ς

585 2832 715 2893 apud
778 2831 995 2878 nostrum
1053 2844 1182 2879 vero
1228 2833 1433 2880 verbum
1495 2831 1563 2878 cst

534 2912 537 2915 ’
584 2896 957 2956 restituebantur:
989 2893 1154 2953 ltaque
1188 2908 1271 2943 aut
1310 2898 1357 2942 ln
1397 2895 1563 2953 respe-

584 2959 666 3010 &u
694 2958 824 3006 illius
859 2958 1097 3007 servanda
1140 2956 1294 3007 lectio
1333 2961 1562 3019 vulgata,

584 3022 819 3083 quoniam
859 3020 1069 3080 primum
1113 3022 1276 3069 casum
1318 3021 1562 3079 postulat,

585 3098 665 3136 aut
700 3082 829 3133 facta
878 3086 1238 3144 praepofitione
1293 3096 1358 3132 ex
1388 3084 1562 3131 adver·

583 3150 669 3198 bio
724 3147 982 3207 legendum
1031 3160 1132 3195 non
1185 3148 1408 3195 damnatis
1438 3179 1457 3204 ,
1485 3145 1570 3193 sed

584 3215 839 3271 dammas,
872 3210 1006 3268 quod
1045 3212 1091 3258 δι
1130 3222 1326 3258 veteres
1361 3208 1568 3267 impreffi

586 3276 785 3335 quidam
849 3274 1042 3321 habent.
1098 3276 1299 3321 Seuere.
1364 3272 1568 3319 Nullum

585 3342 734 3399 plane
781 3335 1041 3384 discrimen
1095 3338 1223 3383 inter
1265 3333 1470 3383 Sallustii
1521 3335 1569 3383 &

583 3400 750 3466 justini
805 3399 1122 3451 locutionem.
1205 3399 1332 3446 Nam
1377 3397 1571 3445 conde»-

587 3467 709 3513 saus
754 3462 821 3511 ibi
882 3474 1044 3520 neque
1090 3462 1271 3521 pendet
1301 3474 1328 3509 a
1350 3472 1571 3522 praeter,

581 3539 636 3577 ut
693 3528 768 3575 hic
817 3526 1035 3573 damnati.
1102 3528 1150 3572 si
1194 3523 1311 3571 licet
1353 3522 1518 3571 dicere
1552 3557 1572 3583 ,

583 3593 699 3639 nulli
749 3592 850 3637 licet
895 3590 969 3635 boc
990 3590 1144 3650 facere
1160 3598 1347 3647 praeter
1377 3587 1571 3635 conden-

585 3666 720 3701 nato:
755 3652 869 3699 licet
927 3650 1093 3709 utique
1150 3651 1197 3697 δι
1247 3649 1413 3697 dicere
1437 3683 1454 3707 ,
1482 3667 1571 3698 o»-

586 3732 661 3763 nes
732 3713 1026 3773 restituuntur
1087 3724 1275 3776 praeter
1345 3714 1567 3761 damnati.

583 3778 767 3825 Eadem
792 3836 804 3849 0
825 3775 893 3822 cst
935 3776 1076 3825 ratio.
1152 3775 1392 3823 Nimirum
1427 3788 1568 3838 prae·

581 3853 653 3890 mv
687 3849 885 3898 ponitur
916 3851 1265 3895 nonnunquam
1296 3852 1387 3896 pro
1423 3852 1567 3897 prae·

583 3913 806 3962 terquam
826 3904 923 3961 ‚ut
977 3914 1085 3961 cap.
1125 3902 1226 3959 seq.
1260 3913 1310 3948 ue
1345 3902 1461 3963 nihil
1491 3905 1565 3948 bo-

567 3966 659 4028 stis
690 3967 829 4017 viBor
851 3962 1042 4024 flamm
1074 3980 1222 4015 rernm
1241 3998 1261 4027 ‚
1275 3976 1468 4027 praeter
1491 3967 1565 4021 ig-

1637 2457 1787 2504 cendit
1800 2454 2040 2517 speaaecnto
2056 2453 2312 2518 ᾔειν-σωκ.
2349 2455 2542 2505 va.

1705 2520 1858 2569 Caedis
1891 2518 2116 2583 dannan]
2144 2519 2205 2567 Et
2231 2516 2467 2580 ἱερόσυλοι.
2504 2514 2620 2565 Dio-

1640 2582 1747 2631 dor.
1782 2582 2033 2629 Boscmts.

1705 2648 1750 2693 8.
1777 2647 2019 2693 Heracleae
2067 2647 2188 2692 urbt's
2215 2641 2241 2705 ]
2271 2643 2398 2692 Cum
2444 2644 2618 2691 multae

1639 2709 1726 2756 fint
1780 2708 2053 2755 Heracleae
2090 2740 2109 2766 ‚
2155 2719 2218 2753 ne
2274 2720 2378 2757 uno
2426 2706 2618 2765 quidem

1639 2772 1798 2819 verbo
1848 2769 1988 2826 huius
2028 2769 2160 2817 urbis
2204 2771 2374 2819 locum
2426 2768 2616 2817 iudicat.

1639 2834 1739 2892 Ego
1792 2834 1991 2891 quidem
2029 2833 2182 2879 credo
2231 2846 2347 2880 eum
2385 2832 2518 2891 loqui
2557 2829 2620 2876 de

1642 2909 1700 2944 ea
1737 2896 2013 2955 Heraclea,
2042 2908 2165 2955 quae
2203 2897 2266 2942 ad
2300 2897 2452 2943 Oetae
2486 2904 2620 2941 mon-¹

1642 2960 1701 3008 tis
1756 2959 1943 3007 radices
1990 2958 2056 3006 est
2093 2992 2112 3017 ‚
2152 2970 2253 3005 non
2293 2958 2362 3006 ita
2415 2961 2550 3016 longe
2588 2967 2622 3001 a

1638 3021 1985 3081 Thermopylis
2019 3054 2036 3080 ‚
2078 3032 2224 3078 quam
2277 3022 2467 3081 oppido
2522 3020 2620 3065 ele·

1638 3097 1812 3144 gunter>
1835 3083 2063 3132 describit
2104 3083 2275 3132 Livius
2303 3084 2388 3132 lib.
2415 3096 2482 3131 vt.
2515 3082 2622 3129 dect

1645 3161 1714 3195 ιν.
1750 3148 1814 3195 Et
1841 3146 1925 3206 nisi
1977 3147 2126 3195 fallor
2174 3157 2287 3194 cam
2322 3148 2615 3194 Ptolemaeus

1643 3210 1924 3258 Phthiotidis
1977 3209 2273 3256 Heracleam
2329 3208 2459 3257 facit.
2502 3207 2619 3254 Ean·

1645 3274 1761 3321 dem
1809 3274 1884 3323 M.
1933 3272 2127 3320 Attilius
2166 3271 2372 3322 Glabrio
2411 3286 2438 3319 e
2475 3265 2620 3318 mani-

1644 3336 1736 3386 bus
1771 3338 2062 3385 Aetolorum
2098 3347 2302 3393 ceperat
2337 3333 2453 3383 olim
2474 3366 2492 3393 ‚
2518 3329 2619 3392 post

1648 3398 1757 3455 1:36.
1785 3412 1972 3457 annos,
1991 3409 2072 3446 aut
2104 3396 2301 3444 circiter
2320 3432 2338 3459 ,
2363 3401 2621 3445 ΟωιιεΑΝ.

1710 3460 2094 3524 Heracleae]1mo
2114 3461 2320 3519 haiae,
2339 3472 2462 3520 quae
2481 3454 2621 3506 Thes·

1645 3523 1796 3573 saliae
1839 3525 1954 3573 urbs
1982 3524 2066 3571 est.
2098 3522 2324 3571 Brumae.

1702 3600 1749 3647 9.
1779 3584 2029 3660 Harpalo]
2088 3585 2221 3632 MSS.
2256 3588 2488 3648 Har-pago.
2547 3579 2622 3629 Li-

1646 3650 1836 3699 brarius
1877 3663 1926 3697 m
1977 3661 2198 3697 errorem
2234 3648 2423 3713 induxit
2457 3646 2620 3703 Astya-

1642 3711 1716 3771 gis
1762 3714 2016 3771 Harpagus
2049 3744 2069 3770 ‚
2116 3712 2179 3759 de
2233 3724 2338 3769 quo
2380 3724 2423 3760 1.
2472 3723 2520 3768 4.
2573 3706 2622 3759 6-

1639 3776 1716 3823 De
1736 3777 1830 3823 hoc
1848 3778 1954 3834 lege
1972 3773 2113 3833 supra
2140 3785 2365 3823 notatos:
2387 3774 2431 3822 &
2460 3782 2620 3819 emen-

1641 3839 1700 3885 da
1736 3837 1936 3886 Eusebli
1971 3835 2269 3885 chronicum
2289 3870 2308 3898 ,
2339 3837 2387 3883 in
2420 3848 2519 3894 quo
2551 3834 2621 3879 le·

1639 3901 1798 3960 gitur,
1820 3903 2047 3962 Harpalus
2069 3899 2204 3963 fugit
2224 3903 2274 3948 in
2299 3899 2480 3960 Afiaen,
2512 3894 2625 3949 scri?

1642 3965 1704 4016 be
1737 3980 1794 4023 a
1822 3963 1958 4031 Asta„
2006 3964 2087 4016 De
2129 3961 2470 4025 Demosthenis
2504 3953 2627 4076 ε-’ίηίῑᾶ
