2894 4823
614 244 680 317 L
727 264 758 320 1
803 263 870 318 n.
969 239 1285 324 XLIII.
1434 235 1499 316 C
1541 263 1587 316 A
1632 262 1697 318 ι».
1797 241 1896 325 V.
2153 225 2326 332 753

192 453 200 461 ·
276 416 415 491 euti
451 409 646 507 sunt3
698 439 1076 513 aurumque
1131 414 1210 492 δι
1253 436 1623 516 argentum
1668 417 2024 515 publicum
2070 417 2307 509 priva-

280 532 551 612 tumque
589 519 1079 606 contulerunt,
1130 516 1214 590 ad
1244 516 1668 611 explendum
1714 517 1990 612 pondus
2034 514 2248 587 Gallis
2274 563 2311 603 ‚

279 635 317 684 a
352 616 589 709 quibus
616 615 1007 712 redemtam
1035 636 1283 708 pacem
1312 635 1824 712 cognoverant.
1890 624 1950 659 ⁸⁸
1975 613 2089 686 Ob
2121 611 2313 707 quod

276 714 592 784 meritum
622 711 699 786 δι
729 712 1134 785 immunitas
1164 713 1293 787 illis
1321 713 1644 801 decreta,
1697 712 1774 786 δι
1819 712 2016 785 locus
2045 707 2313 807 speEia·

274 811 571 882 culorum
610 810 686 883 in
724 810 964 884 senatu
1012 810 1256 899 datus,
1292 810 1379 885 ·&
1420 810 1668 884 foedus
1706 836 1928 907 aequo
1967 810 2125 905 jure
2154 828 2313 903 per·

250 906 547 981 'cuffum.
613 918 663 952 ¹¹
714 911 797 980 In
833 907 1186 1002 postremo
1232 908 1414 981 libro
1469 909 1749 1006 Trogus
1796 909 2099 1004 majores
2152 906 2311 978 suos

274 1028 311 1077 a
352 1006 734 1080 Vocontiis
782 1007 1135 1102 originem
1166 1006 1468 1094 ducere3
1516 1030 1723 1080 avum
1753 1006 1944 1081 suurn
1986 1005 2314 1100 Trogum

268 1104 714 1201 Pompejurn‚
765 1105 1164 1177 Sertoriano
1205 1105 1434 1191 bello,
1486 1107 1852 1178 civitatem
1885 1128 1926 1176 a
1959 1105 2082 1174 Cn.
2105 1104 2311 1174 Porn-

264 1205 425 1298 pejo
452 1201 839 1298 percepiss'e
878 1200 1094 1291 dicit3
1143 1212 1200 1247 ⁸²
1244 1222 1602 1301 patruum,
1649 1201 2144 1276 Mithridatico
2174 1200 2322 1271 bei-

268 1301 335 1371 lo
365 1357 386 1390 ,
453 1320 711 1374 turmas
757 1299 1071 1395 equiturn
1123 1302 1244 1373 sub
1299 1299 1556 1372 eodem
1605 1302 1946 1395 Pompejo
1999 1294 2313 1371 duxifl'e:

270 1417 538 1492 patrem
589 1423 861 1495 quoque
898 1399 1018 1471 sub
1053 1398 1222 1495 Cajo
1258 1400 1544 1472 Caesare
1584 1396 1940 1484 militaffe,
1994 1394 2316 1490 epistola-

263 1517 554 1594 rumque
584 1496 1115 1595 &legationum
1136 1552 1158 1587 ,
1196 1495 1387 1570 simu]
1408 1494 1484 1568 ὅ(
1514 1496 1698 1570 anuli
1733 1518 1967 1569 curam
1996 1490 2325 1566 habui-ffe-

249 1695 425 1753 pablfco
471 1694 623 1752 tuan,
675 1704 773 1740 non
814 1693 1021 1752 publico
1057 1693 1251 1742 funere.
1325 1692 1512 1754 dendi,
1543 1695 1730 1755 Lipsius
1756 1691 1998 1752 Amphith.
2038 1701 2083 1737 c.
2107 1685 2321 1749 14621’.

260 1756 448 1803 FABER·
1325 1758 1483 1804 Faber
1519 1759 1718 1806 Scinest.
1749 1770 1803 1805 ιι.
1839 1759 1887 1803 6.
1922 1756 2145 1803 Eamne.

285 1879 296 1890 ·
331 1830 406 1864 ιο.
439 1813 728 1888 Ιηιοηιιῃίιω]
787 1816 980 1865 Scilicet
1032 1831 1059 1864 a
1102 1817 1251 1865 tribu·
1397 1831 1470 1865 ιι.
1504 1818 1751 1881 Vocontffi]
1815 1821 1972 1878 Vulgo
2024 1818 2231 1874 inepte,
2275 1825 2317 1859 ο

259 1891 330 1925 tis
388 1881 437 1925 ot
490 1878 819 1935 vectigalibus.
898 1880 1044 1936 Apud
1084 1882 1254 1926 Sueto·
1329 1879 1518 1936 Volscis.-
1563 1885 1638 1931 cui
1676 1882 1878 1929 lectioni
1926 1885 2149 1936 Volcae,
2196 1876 2317 1921 Gai·

262 1943 406 1989 nium
456 1940 503 1986 in
544 1944 666 1998 Aug.
703 1951 744 1985 c.
768 1954 845 1998 40.
908 1942 1142 1998 Augustus
1179 1943 1256 1986 Li·
1332 1942 1425 1986 liae
1464 1945 1520 1988 ad
1555 1946 1841 1991 Rhodanum
1873 1944 2044 2002 populi
2067 1975 2084 2000 ,
2117 1939 2315 1988 causam

258 2005 379 2052 viae
430 2014 524 2060 pro
565 2003 775 2059 quodam
818 2000 1073 2050 tributario
1111 2004 1258 2048 Gallo
1332 2003 1585 2052 dederunt.
1655 2009 1848 2053 Wconm·
1891 2005 1998 2053 sunt
2051 2004 2100 2049 in
2153 2000 2314 2048 Gallia

259 2064 487 2126 roganti,
528 2068 752 2112 cit-imum
789 2067 1007 2125 negavit,
1058 2067 1260 2112 immum‘-
1335 2065 1639 2113 Narbonensi
1664 2102 1680 2128 ,
1751 2068 1834 2124 qui
1904 2068 1953 2114 in
2027 2067 2318 2112 Ptolemaeo

262 2144 403 2180 satem
458 2131 643 2187 obtulit,
694 2139 808 2187 puta
839 2140 903 2174 ne
943 2128 1139 2187 posthac
1185 2140 1259 2174 cs·
1334 2128 1570 2174 mendose
1605 2128 1922 2187 muninime,
1966 2141 2056 2185 pro
2103 2125 2318 2173 ὀυοιιὸη

266 2196 337 2241 set
374 2191 673 2239 tributarius.
749 2191 933 2250 Quales
984 2203 1043 2236 an
1079 2191 1260 2238 Roma-

265 2258 338 2304 nis
360 2255 679 2302 Massilienses
711 2266 852 2300 antea
888 2253 1098 2311 suerint,
1133 2252 1258 2301 baud

267 2321 327 2366 ab
360 2332 414 2365 re
451 2317 675 2366 dubitesx
719 2317 903 2374 quippe
953 2316 1085 2363 socia
1136 2315 1256 2363 civi-

263 2395 336 2430 tas
372 2383 418 2430 ἀ
451 2381 635 2428 amica:
688 2391 833 2437 quam
868 2378 1049 2427 Caesar
1085 2379 1129 2427 δε
1183 2378 1255 2425 se-

266 2445 364 2493 cuti
416 2445 673 2502 Principes
730 2442 871 2489 etiam
923 2443 1030 2501 post
1079 2455 1253 2501 graves

268 2508 480 2555 offensas
512 2508 719 2553 liberam
758 2506 1144 2566 conservarunt,
1181 2516 1251 2552 te-

263 2570 330 2617 ste
368 2570 608 2617 Strabone
658 2568 836 2616 libav.
872 2582 978 2627 pag.
1019 2580 1123 2622 ηε.
1170 2581 1248 2628 40.

266 2634 387 2681 Vide
437 2644 604 2678 tamen
640 2630 947 2679 immunitatis
994 2632 1255 2680 libertatis-

265 2708 357 2755 que
395 2695 661 2743 discrimen
697 2695 822 2750 apud
842 2693 1027 2742 Livium
1044 2695 1251 2742 va.26.

268 2770 338 2806 ιι.
384 2772 463 2806 12.
500 2770 574 2811 ¹3-
610 2759 830 2804 Bennec.

330 2824 382 2868 In
406 2818 608 2881 finan]
670 2819 747 2864 Sic
794 2817 861 2865 ait
915 2816 1029 2866 alibi
1084 2820 1254 2864 Sueto-

268 2885 405 2941 nius,
469 2887 517 2928 in
561 2885 704 2943 equite
738 2880 973 2941 βοιθαη,
1017 2884 1111 2927 boc
1146 2879 1254 2935 cst,

266 2950 384 2995 inter
428 2948 611 3006 equites.
660 2957 711 2991 ut
756 2944 833 2991 liic
878 2947 928 2990 in
962 2943 1153 3000 finam,
1204 2942 1254 2988 id

268 3012 333 3057 est
394 3013 522 3056 inter
550 3008 791 3065 senatores.
869 3006 996 3052 Vide
1045 3006 1254 3063 Lipfium

267 3074 323 3122 ad
372 3073 463 3119 iib.
495 3084 606 3119 xm.
656 3072 835 3119 Annal.
882 3069 1055 3121 Taciti.
1110 3069 1253 3121 Mon.

266 3134 449 3182 Eadem
506 3134 655 3191 phi-aii
711 3133 774 3186 fic
831 3132 939 3182 usus
994 3131 1254 3179 Suetonius

267 3199 437 3247 Claud.
463 3209 540 3250 25.
578 3197 650 3244 16.
695 3195 828 3243 dicit.
894 3195 1156 3242 Armenios
1180 3194 1252 3250 [ἑ-

264 3261 361 3320 dsffi·
392 3263 444 3307 fn
467 3259 656 3317 sinam,
702 3262 797 3306 boc
835 3258 937 3315 est,
989 3270 1039 3305 nt
1073 3257 1251 3304 ibidem

271 3324 580 3382 explicatur,
613 3325 662 3369 in
695 3320 966 3379 Orchestra,
1009 3321 1093 3366 seu
1135 3322 1252 3366 loco

272 3387 329 3434 ad
376 3385 576 3435 Theatri
624 3386 812 3432 radices
866 3384 1041 3430 scenae
1088 3382 1254 3441 proxi·

273 3462 389 3509 mo,
424 3460 491 3494 ex
523 3460 623 3505 quo
660 3450 917 3495 Senatores
952 3444 1253 3503 speeiabant.

272 3511 342 3559 Ita
378 3510 576 3575 [pestate
622 3512 672 3557 e'n
716 3512 880 3571 Equiu
924 3508 1048 3556 dixit
1084 3511 1255 3557 Sueto·

276 3574 382 3621 nius
428 3572 615 3621 Domit.
654 3575 699 3619 8.
730 3586 776 3628 7.
828 3573 922 3631 hoc
958 3572 1062 3626 est,
1115 3572 1166 3619 in
1203 3583 1253 3618 e-

276 3637 542 3694 questribus
585 3633 854 3692 subselliis,
903 3634 987 3682 seu
1022 3634 1254 3693 Equitum

276 3699 456 3747 cuneis.
523 3698 684 3760 jungit
713 3697 1042 3746 Tertullianus
1086 3696 1145 3751 in,
1170 3697 1255 3746 lib.

274 3762 339 3809 de
373 3760 667 3825 Spestaculis
688 3796 704 3821 ,
755 3762 903 3808 arceri
924 3760 1090 3816 senam
1125 3760 1176 3806 C?
1213 3776 1256 3806 e·

270 3826 427 3884 quin,
466 3827 562 3872 hoc
593 3824 694 3882 est,
740 3821 1097 3873 honestioribus
1125 3824 1257 3869 thea-

264 3890 343 3955 μί
388 3887 541 3955 locist
597 3886 660 3934 de
712 3886 887 3955 quibus
935 3883 1139 3937 omniuo
1181 3883 1257 3937 vi·

1333 2205 1444 2236 mee.
1509 2190 1584 2237 Est
1619 2191 1663 2237 δι’.
1694 2192 1892 2252 Maffilia
1937 2189 2156 2244 ejusdem
2193 2179 2320 2233 Narss

1336 2251 1558 2301 boneniis
1586 2253 1779 2300 Galliae
1816 2253 2005 2305 civitas.
2065 2248 2186 2296 Inde
2233 2257 2321 2292 oc-

1333 2315 1575 2366 casionem
1612 2315 1806 2373 sumpsit
1845 2315 2030 2373 Trogus
2077 2308 2319 2366 originem

1331 2376 1464 2427 suain
1503 2379 1809 2427 edifferendi.
1847 2378 2104 2427 BoNGARs.
2140 2371 2320 2420 Plinius
2388 2376 2390 2378 ’

1327 2453 1403 2488 m.
1435 2458 1486 2504 4.
1535 2443 1618 2492 fin.
1674 2444 1718 2489 cx·
1765 2457 1857 2490 vn.
1906 2446 1983 2491 18.
2042 2434 2321 2486 Vocontios

1314 2505 1597 2566 fiederatam
1646 2506 1885 2554 Romanis
1929 2515 2100 2567 genten
2147 2499 2324 2560 appel-

1325 2570 1409 2617 iat.
1455 2570 1677 2617 ΒεκΝεο.
1843 2570 1848 2574 ’
2095 2599 2100 2603 -
2143 2570 2148 2578 ‘
2357 2610 2358 2613 ,

1398 2646 1470 2681 12.
1498 2629 1822 2694 Legationnm]
1883 2628 2171 2689 Legationes
2218 2622 2325 2679 sus-

1328 2701 1538 2757 cipere,
1592 2697 1636 2743 &
1687 2694 1745 2742 ad
1789 2691 2062 2753 Principem
2099 2689 2321 2739 admitte-

1329 2774 1383 2807 rc
1412 2793 1428 2815 ,
1496 2758 1580 2805 snb
1643 2756 1954 2805 citerioribus
2014 2754 2320 2812 Principibus

1329 2822 1463 2869 fuisse
1516 2833 1691 2867 munus
1744 2820 1956 2878 Magistri
2005 2820 2325 2872 officiorum,

1333 2883 1579 2932 intertium
1610 2882 1820 2937 Magistri
1854 2882 2198 2938 epistolarum,
2228 2878 2322 2924 ob·

1332 2944 1545 2994 servavit
1591 2944 1762 2989 austor
1799 2943 2012 2988 Notitiae
2060 2942 2316 2996 utriusque

1330 3006 1548 3065 Imperii.
1617 3004 1760 3063 Apud
1793 3004 1965 3051 Persas
2003 3003 2052 3050 id
2101 3002 2320 3049 muneris·

1327 3073 1456 3131 gestit
1494 3068 1776 3118 chiliarchus
1813 3067 1894 3114 sen
1929 3065 2149 3119 tribunus
2181 3062 2322 3119 suili-

1329 3148 1470 3193 tum,
1516 3132 1598 3191 qui
1648 3132 1913 3178 secundnm
1962 3125 2154 3187 imperii
2211 3138 2322 3184 gra·

1327 3201 1442 3247 dum
1476 3196 1706 3254 tenebat,
1754 3196 1940 3241 Probus
1980 3191 2030 3238 in
2069 3192 2324 3250 Conone,

1330 3264 1376 3309 δι
1415 3261 1647 3308 Aelianus
1694 3259 1812 3304 Var.
1844 3270 1879 3303 1.
1909 3268 1983 3302 21.
2055 3254 2111 3300 In
2155 3259 2320 3308 Aegy-

1329 3337 1452 3384 pto,
1498 3324 1795 3369 Nicanorem
1831 3317 2132 3376 excipiendis
2166 3317 2322 3371 Legn-

1330 3389 1389 3436 tis
1444 3400 1472 3433 a
1513 3387 1800 3432 Ptolemaeo
1837 3383 2162 3441 pracposstum
2202 3375 2324 3423 scri-

1328 3451 1400 3498 bit
1431 3448 1672 3511 Josepbus
1703 3444 1871 3504 Antiq.
1892 3458 1983 3491 xn-
2005 3456 2052 3490 2.
2086 3454 2152 3489 m.
2187 3440 2321 3487 Ben-

1327 3525 1444 3562 Nee.

1392 3575 1541 3622 Anuli
1566 3569 1751 3632 curam]
1790 3571 1946 3631 Quam
1962 3568 2104 3616 etiam
2119 3568 2180 3615 ab
2191 3568 2316 3629 Imp.

1331 3637 1544 3695 Augusto
1575 3637 1855 3685 Maecenati
1877 3645 2021 3690 atque
2040 3632 2285 3690 Agrippae
2300 3663 2325 3690 ,

1335 3703 1381 3749 δι
1415 3700 1651 3747 Muciano
1683 3713 1710 3746 a
1762 3696 2054 3753 Vespasiano
2095 3694 2323 3743 commis-

1334 3762 1465 3819 sam,
1512 3774 1576 3808 ex
1613 3759 1777 3807 Dione
1807 3761 1851 3805 δι
1883 3756 1989 3813 ejus
2024 3759 2318 3816 epitomato-

1333 3838 1388 3873 re
1434 3826 1583 3871 docet
1614 3822 1674 3869 V.
1707 3821 1765 3868 C.
1799 3823 1943 3883 Joan.
1977 3823 2327 3885 Kircbmannut·

1335 3890 1399 3938 de
1434 3885 1609 3939 Anulis
1641 3896 1755 3946 cap.
1775 3885 1818 3935 6.
1860 3884 2008 3936 lom.

2043 4028 2330 4105 Lunx
