2894 4823
398 169 2173 344 ExcERPTloNsss

427 497 433 501 ·
559 458 2003 568 CHRONOLOGICA'E

1168 673 1228 742 A
1310 674 1439 743 DI

160 823 1162 1035 JOANNEM
1316 864 2302 1022 NOELIUM.

459 1119 611 1205 uod
682 1119 929 1228 oculus
1009 1123 1181 1220 olim
1240 1128 1678 1240 Polyphemo
1714 1197 1742 1240 ‚
1829 1144 1918 1230 id
1953 1152 2171 1238 mobis
2225 1160 2310 1244 in

236 1115 495 1378 Q
512 1230 1007 1341 historiarum
1076 1230 1383 1325 leHione
1456 1255 1754 1334 notatio
1824 1272 2240 1370 temporum
2277 1299 2310 1355 ‚—

506 1371 705 1454 quae
744 1344 956 1450 apud
984 1345 1378 1455 Justinum
1414 1357 1628 1446 nulla
1664 1361 1791 1471 est.
1901 1373 2123 1482 ,Quid
2153 1383 2311 1468 ita.

235 1480 388 1568 que
424 1455 647 1548 aliud
676 1452 813 1570 effe
846 1455 1165 1546 dicemus
1181 1518 1211 1564 ,
1266 1490 1496 1578 quam

352 1662 837 1766 Monstrum
864 1666 1326 1760 horrendum
1346 1738 1372 1785 ‚
1411 1676 1744 1772 informe
1761 1750 1787 1794 ‚
1813 1687 2091 1805 iugens
2110 1757 2140 1803 ,
2182 1702 2304 1789 cui

473 1780 735 1863 lumen
773 1778 1263 1891 ademptum?

238 1982 582 2098 Trogum
632 1991 665 2073 i
690 1979 869 2100 sum
916 1993 1422 2104 negligentiae
1480 2009 1966 2118 accusandum
2000 2074 2029 2118 ‚
2107 2046 2311 2108 nemo

240 2098 434 2183 mihi
465 2004 927 2211 perszfadeat
967 2133 996 2188 .·
1050 2104 1350 2211 Justini
1399 2114 1979 2211 abbreviatoris
1989 2129 2313 2231 facinus

242 2208 370 2318 est.
490 2215 712 2323 Ergo
764 2239 856 2298 ne
905 2217 1094 2328 quid
1136 2219 1310 2304 huic
1363 2222 1672 2315 aullori
1733 2263 1787 2318 a
1840 2262 1952 2321 me
2001 2240 2263 2351 deeffet
2281 2306 2311 2349 ‚

241 2345 348 2407 ex
387 2321 696 2434 Eusebii
736 2321 849 2429 &³
892 2330 1338 2441 Hieronymi
1392 2335 1736 2429 chronico
1773 2409 1797 2450 ‚
1869 2350 1980 2435 ad
2024 2359 2311 2463 optima

241 2432 359 2539 &²
395 2436 909 2550 antiquiffi'ma
941 2446 1417 2555 exemplaria
1440 2457 1965 2573 manuscripta
2003 2467 2164 2550 CL.
2205 2472 2300 2555 V.

248 2546 563 2633 Claudii
599 2552 939 2638 Puteani
954 2610 983 2655 ,
1039 2554 1152 2657 &³
1194 2556 1584 2673 doHiffimi
1641 2571 1967 2686 mihique
2022 2581 2311 2693 amicifi

232 2656 403 2764 fimi
430 2661 533 2743 1².
562 2660 916 2748 Danielis
964 2694 1018 2749 a
1064 2692 1177 2753 me
1216 2673 1489 2759 collato
1525 2738 1553 2779 ‚
1631 2689 1977 2793 excerpsi
2026 2692 2140 2795 {39⁹
2171 2719 2309 2777 ex-

220 2766 514 2881 firipsi
525 2832 552 2874 ‚
610 2798 779 2887 quae
822 2775 1007 2861 lucis
1045 2780 1351 2891 aliquid
1382 2786 1686 2895 afferre
1705 2795 2016 2905 Jzstino
2053 2804 2306 2911 nostro

230 2896 614 2990 poterant
636 2913 664 2966 s
712 2910 856 2969 non
893 2891 1185 3001 quidem
1220 2901 1470 2982 omnia
1492 2955 1521 2999 ‚
1553 2899 1703 3011 sed
1731 2903 2036 3016 stamma
2077 2914 2340 3023 fasti-.

232 2998 373 3101 gia
414 3019 717 3082 rerum.
788 2999 1002 3083 Nam
1051 3000 1246 3087 illud
1278 3062 1307 3104 ,
1391 3013 1770 3120 injuriam
1829 3019 2001 3128 estet
2027 3026 2312 3132 facere

243 3109 484 3191 amico
536 3107 791 3216 nostro
842 3110 1097 3196 Laur.
1180 3119 1527 3227 Bochello
1574 3187 1602 3230 ,
1690 3157 1747 3214 a
1800 3158 1945 3243 quo
2005 3155 2312 3225 veteres

247 3211 593 3303 chronolo
643 3245 723 3304 os
764 3224 1313 3314 emendatiores
1346 3231 1460 3336 ἐξ
1501 3234 1885 3327 ααέὶἰονες
1921 3247 2307 3360 exspelia-

247 3341 420 3410 mus.
560 3247 1041 3443 gomperavi
1114 3358 1373 3427 autem
1427 3371 1592 3447 cum
1647 3352 1968 3465 Eufiebio
2061 3364 2307 3448 Geor-

247 3436 456 3542 gium
514 3442 977 3529 Monachum
1005 3500 1032 3543 ‚
1105 3455 1317 3560 cujus
1379 3460 1763 3549 Graecum
1796 3468 2105 3557 codicem
2162 3501 2305 3561 me-

255 3569 414 3630 cum
456 3555 595 3636 vir
655 3556 1106 3645 eruditionis
1150 3563 1582 3683 singularis
1648 3574 2095 3686 Francilcus
2174 3589 2307 3674 Pi·

252 3652 508 3746 thoeus
560 3674 1130 3756 communicavit
1149 3697 1184 3769 ,·
1252 3676 1365 3779 &⁹
1404 3707 1447 3765 e
1486 3684 1758 3790 nostris
1793 3694 2261 3783 Beroaldum
2275 3730 2330 3804 ‚⁴

245 3764 676 3862 Funccium.
734 3781 871 3865 Illi
912 3784 1190 3868 LXX.
1226 3790 1698 3904 mter-pretes
1714 3861 1739 3903 ,
1794 3802 1877 3887 hi
1905 3808 2307 3898 Hebraeos

226 3875 668 4007 sequuntur
689 3892 959 3989 codices
980 3923 1012 3987 .·
1027 3911 1266 4013 tanta
1284 3907 1701 4023 opinionum
1740 3923 2306 4123 varietatezut

1487 4066 1488 4069 κ
2190 4061 2302 4120 ἰι-
