2894 4823
654 318 1976 397 PRAEFATIONES.
2231 344 2377 405 xut

254 478 327 557 dr
374 484 758 558 librorum
796 506 921 570 ea,
972 487 1108 579 qua
1152 480 1548 555 laboramus
1587 481 2100 577 propemodum
2134 483 2370 562 infini-

253 603 322 653 ta
360 585 644 670 mole,
696 580 920 655 solum
968 578 1105 655 ess‘e
1148 577 1625 655 necessarium.
1734 582 1929 653 Nam
1979 584 2260 678 reliquis
2288 588 2363 661 in

246 684 488 754 rebus
545 679 943 772 scriptione
1018 673 1453 772 supersederi
1517 674 1723 772 saepe
1792 696 2076 771 poterat
2109 736 2131 768 ,
2209 705 2371 758 curn

239 776 523 852 omnia
572 774 964 876 politiffimi
1016 794 1349 864 vetere5‚
1414 772 1492 847 ἃ
1539 775 1988 864 invenerint,
2051 800 2259 874 quarn
2315 779 2371 857 ii

240 880 373 970 qui
422 899 634 950 nunc
673 874 838 948 sunt
866 875 1187 948 homines
1216 930 1238 962 ‚
1288 875 1557 947 acutius
1590 896 1609 946 ε
1664 870 1741 948 &
1774 870 2216 950 differuerint
2255 901 2372 949 or-

242 978 538 1048 natius.
648 974 876 1070 Atqui
930 992 1207 1046 veteres
1266 971 1367 1061 illi
1417 975 1532 1045 vel
1586 966 2072 1066 sapientissime
2125 973 2374 1072 scripti

242 1070 426 1147 libri
464 1095 717 1168 neque
745 1071 895 1145 usui
930 1068 1068 1144 effe
1105 1067 1382 1166 possunt
1400 1121 1430 1160 ,
1463 1067 1587 1144 nifi
1616 1092 1659 1141 a
1688 1069 2113 1144 doffioribus
2140 1078 2367 1171 expli-

244 1174 414 1244 cati
447 1170 1014 1263 intelligantur:
1068 1190 1200 1241 nec
1244 1167 1361 1240 vel
1408 1191 1451 1238 a
1489 1166 1893 1241 doetiffimis
1921 1168 2262 1267 intelligi,
2314 1166 2367 1248 fi

245 1269 577 1343 maculis
613 1269 961 1341 scateant.
1034 1266 1246 1367 Unde
1281 1267 1575 1362 sapienti
1615 1265 1964 1359 majorum
1998 1268 2366 1360 instituto,

245 1366 614 1441 doctores
664 1365 1142 1438 Academicos
1175 1364 1249 1437 in
1290 1360 1431 1437 hoc
1461 1361 1887 1460 potiffimum
1922 1387 2182 1460 genere
2206 1393 2361 1463 par-

243 1467 394 1539 tim
446 1461 1043 1557 explicandorum
1073 1486 1159 1536 ac
1195 1459 1821 1549 declarandorum,
1871 1464 2129 1560 partim
2168 1466 2363 1542 resti-

246 1563 726 1637 tuendorum
773 1559 1511 1657 emendandorumque
1557 1559 1943 1656 priscorum
1999 1560 2360 1641 austorum

246 1664 649 1736 elaborare
667 1658 1041 1733 cernimus.
1098 1657 1396 1732 Vestrae
1430 1659 1753 1754 quidem,
1774 1655 2361 1756 AmpliffimiDo·

243 1762 498 1847 mini,
552 1760 831 1857 legibus
854 1775 1066 1853 atque
1098 1755 1368 1831 statutis
1390 1756 1825 1830 Academiae
1848 1808 1875 1848 ‚
1927 1759 2361 1835 docentibus

247 1858 333 1932 in
370 1881 517 1944 ea,
551 1879 698 1930 non
734 1854 856 1928 nili
896 1876 1176 1929 veteres
1208 1855 1461 1949 optimi
1493 1856 1862 1930 commatis
1891 1894 1918 1945 ‚·
1937 1880 2019 1930 ac
2051 1858 2352 1935 auclori·

253 1958 447 2029 tat-is
502 1953 1033 2050 praejudicatae
1082 1953 1456 2047 scriptores
1489 2007 1516 2044 ,
1566 1953 1901 2028 studiosae
1939 1954 2358 2051 juventuti,

248 2077 455 2149 quae
495 2054 838 2127 uberioris
868 2052 1131 2147 ingenii
1167 2054 1481 2125 culturae
1514 2052 1742 2148 gratia
1785 2053 1871 2124 ad
1902 2076 2028 2126 nos
2064 2055 2207 2130 sese
2241 2082 2354 2131 re-

250 2154 500 2248 cipit,
552 2150 1059 2246 interpretandi
1088 2153 1649 2225 committuntur.
1761 2152 1842 2224 In
1877 2174 2018 2245 quo
2063 2175 2354 2229 munere

252 2274 430 2324 curn
464 2272 659 2323 meas
698 2271 977 2345 quoque
1020 2268 1250 2344 partes
1294 2250 1558 2343 aliquas
1599 2247 1738 2322 esse
1789 2249 2196 2340 volueritiS,
2267 2254 2346 2325 in

254 2349 336 2423 id
392 2371 695 2443 operam
746 2345 1086 2420 hactenus
1134 2370 1216 2421 ac
1259 2345 1569 2422 studium
1613 2367 1830 2430 ¹mnne
1865 2398 1886 2431 ‚
1953 2367 2081 2438 pro
2128 2370 2215 2419 eo
2259 2372 2350 2422 ac

256 2449 507 2521 debeo
536 2502 560 2536 ‚
608 2446 933 2535 contuli,
999 2464 1073 2518 ut
1115 2449 1437 2540 Spartam
1502 2442 1986 2518 concreditam
2016 2497 2039 2530 ‚
2106 2442 2156 2516 ss
2202 2468 2352 2522 non

259 2568 573 2634 ornare,
626 2545 815 2640 quod
846 2544 967 2617 vix
1004 2569 1045 2617 a
1085 2546 1433 2619 tenuitate
1475 2566 1791 2617 mearum
1828 2542 2082 2615 virium
2116 2544 2345 2640 impe-

256 2665 457 2720 trare
491 2642 785 2738 poffim,
829 2661 901 2715 at
930 2640 1173 2716 saltem
1208 2666 1348 2717 non
1378 2643 1676 2737 prodere
1700 2694 1727 2730 ,
1774 2640 1887 2714 vel
1925 2641 2345 2719 dehonesta-

257 2770 335 2818 re
375 2742 709 2817 viderer:
761 2763 980 2835 eoque
1030 2739 1172 2814 fine
1212 2740 1502 2817 vetustis
1531 2738 1970 2813 historiarum
2012 2763 2052 2811 e
2086 2742 2339 2818 condi-

263 2846 554 2918 toribus
588 2860 764 2934 quos
797 2837 1240 2913 commodum
1271 2839 1680 2927 videbatur,
1713 2838 1978 2935 aliquot
2024 2839 2120 2911 ab
2137 2846 2341 2915 annis

261 2942 560 3039 publice
592 2936 1059 3032 privatimque
1110 2935 1489 3011 tradendos
1532 2935 2116 3032 explicandosque
2160 2939 2342 3016 mihi

266 3037 545 3134 snmpfi.
658 3034 994 3134 Quamvis
1037 3057 1270 3110 autem
1300 3035 1579 3109 illorum
1627 3034 1937 3130 plerique
1976 3035 2122 3128 jam
2166 3057 2337 3110 ante

271 3136 819 3212 doftiffimorum
861 3133 1166 3208 virorum
1230 3134 1541 3232 egregiis
1620 3134 2344 3208 commentationibus

274 3239 363 3309 ita
390 3240 553 3311 sunt
584 3232 940 3325 explanati
958 3234 1321 3322 ‚omnisut
1352 3234 1642 3307 ulterior
1672 3254 1889 3326 opera
1914 3228 2342 3326 supervacua.

282 3334 526 3408 censeri
574 3348 844 3424 queat:
898 3349 1169 3403 certum
1226 3350 1460 3405 tamen
1516 3329 1617 3402 est
1649 3384 1671 3418 ‚
1720 3326 2033 3400 nondum
2080 3332 2342 3403 abillis

293 3437 498 3506 omnia
528 3428 632 3502 fic
666 3426 805 3502 esse
840 3449 1221 3523 praecepta
1248 3425 1323 3502 ἃ
1364 3447 1747 3521 occupata,
1781 3445 1860 3497 ut
1903 3448 2045 3498 non
2087 3427 2341 3501 saltem.

297 3527 541 3622 stipulas
572 3529 849 3622 aliquot
898 3530 986 3600 ab
1036 3528 1151 3601 sua
1192 3525 1403 3600 messe
1464 3528 1761 3621 reliquas
1795 3522 1951 3597 aliis
1991 3522 2337 3600 fecerint:

303 3621 513 3723 &post
567 3629 1001 3704 uberrimam
1048 3624 1234 3696 suam
1280 3624 1755 3713 vindemiam,
1806 3621 1993 3694 haud
2044 3622 2338 3697 omnino

299 3729 724 3818 poenitendae
780 3727 913 3800 sub
969 3723 1317 3816 pampinis
1366 3724 1597 3796 adhuc
1657 3721 1966 3795 latitanti
2014 3742 2330 3796 racema-

297 3822 447 3896 rioni
469 3823 977 3922 producendae
1019 3820 1247 3893 locum
1283 3821 1712 3916 reliquerint.
1776 3818 1901 3892 Ne
1935 3841 2046 3889 res
2087 3840 2331 3891 exem-

274 3922 389 4022 plo
425 3947 680 4015 careat,
745 3927 1233 3997 Ius-rmum
1265 3972 1287 4004 ,
1339 3942 1477 3991 non
1526 3919 1718 3992 illurn
1769 3916 2053 4008 quidem
2107 3919 2332 4014 majo-

266 4047 395 4101 rum
425 4029 755 4130 gentium
793 4017 881 4116 ἃ
931 4015 1124 4113 quafi
1159 4018 1479 4112 patritiae
1524 4014 1882 4116 dignitatis
1925 4013 2280 4091 auclorem
2303 4041 2332 4101 ς

2193 4122 2332 4187 ne'c
