2894 4823
624 300 1914 381 PRAEFATIONES.
2184 325 2388 386 xxm

254 487 431 563 ego.
465 463 922 543 sustinuerim
961 490 1123 543 eum
1154 463 1545 560 publicare.
1652 466 1768 539 Ac
1811 463 2130 561 profesto
2159 465 2374 565 pluri·

250 587 374 636 ma
420 562 723 637 dedifl‘e
749 618 793 654 ,A
822 569 1065 662 quibus
1108 565 1418 658 scriptor-
1452 564 1574 636 hi'c
1625 562 1947 636 illustrior
1976 564 2078 638 est
2109 562 2369 653 fastus,

248 683 491 735 nemo
529 715 581 748 ,,
619 662 742 737 nifi
779 668 891 737 vel
937 668 1267 737 harumce
1312 663 1706 735 litterarum
1754 663 2123 754 imperitus
2161 717 2183 751 ,
2251 668 2367 737 vel

247 780 409 831 tam
442 761 845 834 luculentis
891 764 1215 835 virorum·
1246 761 1673 854 optimorum
1716 760 1989 832 meritis
2051 761 2370 857 ingratus

246 856 733 931 diffitebitur.
788 862 1045 954 Siquis
1075 877 1314 931 tamen
1351 876 1676 930 accurate
1708 861 1908 930 volet
1935 859 2184 930 cuneta
2211 881 2369 952 per·
2413 944 2419 949 ι

242 955 620 1043 lustrare,
670 956 1200 1056 deprehendet,
1267 958 1476 1028 nobis
1529 970 1810 1049 quoque
1860 955 2175 1029 relifitum
2230 954 2370 1031 effe

250 1054 749 1149 specilegium
784 1110 805 1142 ,
838 1057 1000 1153 quin
1044 1056 1191 1127 imo
1221 1052 1296 1126 ἃ
1323 1053 1478 1147 post
1513 1074 1638 1125 nos
1669 1053 2073 1146 super-fore,
2097 1055 2170 1126 in
2213 1054 2364 1149 qui-

247 1149 385 1222 bus
413 1151 735 1247 ingenia
755 1151 1021 1226 decora
1059 1151 1463 1225 industriam
1497 1172 1832 1223 exercere
1866 1154 2048 1225 suam
2073 1170 2362 1246 queant

252 1250 545 1322 Saltem
596 1249 1154 1344 conferant‚qui
1199 1251 1487 1336 volent,
1518 1248 1748 1344 nostra
1773 1272 1932 1321 cum
1972 1248 2115 1342 jam
2153 1247 2365 1323 dietis

247 1347 583 1418 aliorum
611 1401 634 1432 ,
684 1346 763 1419 δι
811 1371 936 1421 nos
985 1372 1233 1419 verum
1278 1347 1525 1420 dicere
1562 1346 1980 1440 intelligent.
2067 1349 2365 1422 Facient

250 1466 482 1537 porro
514 1444 768 1517 cunffl
812 1445 952 1519 hoc
990 1446 1324 1520 libentius
1359 1497 1381 1531 ,
1442 1444 1771 1538 quoniam
1828 1467 2006 1537 quae
2055 1449 2141 1517 ab
2201 1446 2361 1536 aliis,

248 1561 612 1615 antenus
644 1561 895 1615 notata
923 1547 1117 1632 sunt,
1162 1566 1303 1617 non
1335 1544 1546 1636 longe
1589 1541 1882 1613 veniunt
1913 1542 2354 1637 quaerenda,

250 1661 527 1711 verum
560 1640 829 1715 nostris
853 1642 1177 1736 adjunRa
1220 1641 1359 1736 legi
1399 1641 2032 1736 possunt3nonzilla
2076 1640 2361 1735 quidem

250 1735 562 1834 integra
641 1740 837 1831 (hoc
890 1742 1418 1834 enim,longum
1486 1738 1698 1811 nimis
1763 1735 2050 1836 fuiss'et)
2112 1760 2364 1827 verum

258 1834 614 1909 breviter-
656 1834 733 1909 ἃ
771 1840 995 1910 verbo
1024 1838 1355 1933 repetita.

356 1934 728 2009 Brevitati
762 1959 1063 2033 namque
1092 1936 1257 2008 dare
1299 1956 1587 2029 operam
1617 1936 1995 2023 voluimus,
2016 1934 2233 2031 inque
2272 1952 2364 2008 ea

262 2028 447 2103 istoc
491 2030 727 2106 solum
760 2032 1073 2121 efficere,
1127 2052 1204 2119 ut
1248 2056 1430 2129 quae
1469 2030 1813 2124 superesse
1859 2033 1975 2104 vel
2012 2055 2157 2104 non
2194 2034 2357 2108 satis

269 2127 606 2224 integra,
658 2131 786 2207 vel
836 2155 979 2204 non
1019 2134 1182 2206 satis
1233 2133 1583 2225 explicata
1633 2129 2229 2214 videbantur-sea
2260 2134 2360 2204 lu-

270 2248 437 2298 men
457 2228 756 2325 aliquod
794 2232 884 2301 ab
916 2230 1500 2324 interpretatione
1532 2225 1762 2299 nostra
1792 2228 1907 2297 vel
1930 2227 2359 2300 medicinam

268 2326 358 2396 ab
413 2327 939 2401 emendatione
984 2327 1594 2425 consequerentur.
1727 2323 2025 2413 Reliqua
2077 2325 2361 2413 omnia,

271 2443 453 2515 quae
494 2428 616 2504 vel
678 2425 773 2503 ad
823 2425 1202 2503 Historiam
1249 2426 1368 2510 vel
1422 2424 1513 2510 ad
1564 2420 2012 2516 prudentiam
2072 2421 2363 2497 civilem

271 2522 723 2612 pertinentia
770 2544 1099 2616 poterant
1167 2522 1456 2624 adjungi
1494 2575 1515 2608 ,
1585 2518 1819 2593 studio
1899 2517 2362 2612 praetermifi·

275 2641 430 2690 mus
464 2675 487 2706 ,
550 2621 817 2717 partim
860 2625 1053 2719 quod
1102 2624 1432 2695 nonnulla
1467 2618 1733 2693 horum·
1743 2619 1892 2713 jam
1924 2615 2056 2689 fint
2095 2619 2359 2693 tradita.

277 2717 367 2788 ab
415 2718 571 2792 aliis
616 2744 643 2807 ;
715 2721 1007 2812 partim,
1082 2721 1266 2817 quod
1334 2719 1408 2792 id
1450 2711 1669 2812 g'enus
1738 2719 2358 2792 commentationis

275 2819 503 2922 magis
525 2817 1249 2910 aptum-snrHisboriis
1288 2812 1622 2911 perfectis
1654 2814 2162 2909 absolutisque,
2213 2839 2356 2896 nnn

280 2910 699 3008 hujusmodi
761 2915 1209 3010 compendiis
1255 2912 1421 3005 ,‘in
1466 2913 1712 3010 quibus
1747 2913 2124 3006 pleraque}
2176 2935 2356 3007 quae

285 3010 697 3085 consociata
750 3017 905 3087 sunt
955 3015 1267 3110 negotiis
1335 3010 1414 3085 ἃ
1457 3011 1868 3105 prudentiae
1914 3009 2364 3085 instruendae

284 3107 590 3182 serviunt
621 3114 1007 3207 praecipue
1037 3164 1063 3200 ,
1116 3116 1564 3185 omittuntur.
1665 3113 1906 3203 Atque
1946 3105 2171 3200 isthoc
2202 3109 2359 3203 qui-

292 3203 444 3278 dem
501 3209 643 3282 fuit
700 3209 1092 3283 institutum
1151 3209 1455 3283 nostrum
1517 3210 1584 3281 in
1631 3207 1853 3278 Notis
1887 3255 1913 3291 ,
1979 3204 2052 3276 in
2104 3208 2358 3300 quibus

294 3297 341 3404 §i
381 3307 652 3399 quando
717 3331 762 3379 a
807 3309 1156 3383 sententia
1211 3306 1484 3404 digrefli
1518 3309 1744 3377 sumus
1789 3304 2127 3392 aliorum,
2178 3303 2355 3402 feci:—

300 3417 434 3475 mus
465 3408 530 3477 id
575 3428 816 3502 neque
853 3403 995 3489 fine
1031 3409 1347 3494 ratione,
1402 3422 1480 3476 ut
1515 3420 1874 3496 putamus,
1927 3423 2156 3495 neque
2204 3400 2355 3473 fine

313 3492 563 3577 decenti
619 3503 1029 3593 modestia,
1094 3525 1174 3580 ut
1224 3523 1596 3600 propterea
1656 3499 1922 3571 nemini
1983 3497 2353 3580 futur-ivi·

323 3587 567 3673 deamat
603 3626 876 3700 graves
904 3657 924 3695 ,
989 3600 1111 3675 nisi
1143 3603 1261 3697 qui
1310 3600 1405 3674 fic
1439 3603 1552 3671 sua
1595 3615 1823 3683 amat,
1881 3614 1954 3667 ut
2004 3599 2091 3668 ab
2123 3595 2353 3680 omni-

330 3686 435 3764 buz
474 3698 632 3776 citra
696 3723 1009 3780 examen
1057 3700 1264 3772 ullum
1337 3699 1512 3772 velit
1566 3695 1961 3790 adprobari.
2073 3691 2360 3768 Textum

338 3782 598 3870 dedimus
628 3855 651 3888 ,
727 3799 1016 3893 qualem
1070 3823 1110 3869 a
1161 3793 1916 3886 vorstioeaccepimus
1949 3844 1970 3880 ,
2037 3793 2223 3887 quod
2274 3792 2353 3878 in

331 3901 417 3957 eo
454 3891 827 3979 videremus
883 3915 1220 3978 revocata
1261 3917 1351 3968 ex
1388 3888 2354 4065 editionibusvetustio'rgiqug

1569 4014 1620 4086 4
2220 4010 2303 4061 au
