2894 4823
534 326 628 390 nt
675 315 1151 412 Jusrmtffl
1195 309 1385 383 Lm.
1440 303 1772 380 XXXIX.
1823 297 1991 380 Cn.
2030 299 2130 380 V.
2280 318 2427 405 977

359 486 540 553 iidem
565 493 833 568 pelicibus.
873 488 926 548 ἀ
954 488 1115 563 supra
1143 500 1350 545 xxxvx.
1382 491 1482 558 46.
1520 498 1648 541 cum
1668 491 1797 540 tert.
1815 479 2093 549 uidenti,
2116 484 2318 557 pelice:
2357 493 2422 545 ut

355 573 416 630 in
454 570 574 642 lege
604 572 827 630 Numae
863 567 1013 641 apud
1046 564 1292 622 Gellium
1326 562 1425 619 hb.
1469 576 1558 618 ιν.
1598 575 1722 634 cap.
1758 575 1813 629 4.
1853 559 2124 618 PELEX.

428 646 577 705 lbid.
618 644 827 704 Herede
859 644 1039 718 popula
1066 640 1296 698 Romano
1323 634 1595 714 instituto,
1632 633 1893 711 accedia]
1944 636 2308 711 Participium
2339 639 2423 696 in·

194 799 225 814 ⁶
326 720 524 800 stituto
548 725 811 798 ignorant
837 719 969 779 Ald.
986 720 1140 796 Junt.
1156 711 1356 791 deceffit
1381 716 1614 773 Bechar.
1641 712 1793 770 Flor.
1814 710 2062 772 Mediol.
2081 714 2227 773 Ven.
2249 713 2419 771 Paris.

421 815 626 860 xxxxx.
674 816 724 871 5.
769 811 824 870 4.
866 794 1157 877 Quo-saffo
1190 789 1265 864 ὅ)
1293 791 1508 866 Syriae,
1551 786 1626 859 ὅ)
1659 789 1898 866 Aegypti
1924 807 2091 865 regna
2126 832 2143 858 ,
2182 789 2421 848 Romana

341 880 408 936 υ·
439 881 622 936 initote
651 888 826 934 artata
843 917 858 942 ,
897 890 1025 946 quae
1065 873 1377 927 incrementa
1424 867 1488 925 de
1519 863 1777 941 finitimis
1815 865 1965 922 bellis
2005 883 2246 940 quaerere
2282 865 2420 945 sole·

421 968 476 1011 nt
516 997 531 1012 .
574 995 589 1012 .
633 997 646 1010 .
685 955 832 1009 vires
844 947 978 1026 suas
1005 952 1064 1006 in
1087 949 1372 1022 perniciem
1400 957 1636 1002 mutuam
1670 953 2069 1002 converterunt.-
2110 942 2234 1001 adeo
2248 942 2417 1001 utad·

335 1031 515 1110 siduis
538 1032 756 1105 praeliis
784 1022 1034 1102 consumti
1100 1027 1157 1081 in
1188 1035 1495 1080 contemtum
1512 1016 1863 1095 finitimorum
1891 1017 2185 1096 venerint]
2226 1019 2423 1079 Medi.

343 1110 471 1177 cei,
512 1106 601 1164 ed.
636 1108 782 1163 Ven.
817 1101 980 1168 Med.
1032 1069 1199 1158 fiatis.
1239 1116 1334 1174 quo
1366 1098 1532 1172 pasta.
1575 1097 1721 1154 Ven.
1772 1094 1951 1152 Med:
1979 1097 2257 1154 vicinitate
2307 1095 2418 1154 Ro·

332 1191 502 1242 'mana
529 1180 747 1240 arstata.
784 1181 934 1239 Flor.
966 1176 1134 1237 Paris.
1165 1177 1297 1235 Ald.
1338 1175 1492 1252 Junt.
1526 1190 1643 1231 cum
1671 1175 1875 1229 unitate
1914 1170 2151 1229 Romana
2190 1173 2434 1232 arRata.

342 1260 527 1333 Magl.
563 1271 736 1316 artata
749 1260 896 1336 Junt.
937 1255 1061 1313 Sec.
1090 1253 1255 1312 Med.
1304 1252 1522 1309 omittit
1563 1265 1766 1306 vocem
1796 1249 1977 1317 bellis,
2017 1246 2070 1306 δι
2097 1264 2203 1322 pro
2239 1261 2418 1309 artata

341 1337 443 1396 dat
468 1349 715 1395 coartata.
758 1335 991 1392 Betthar.
1022 1334 1170 1390 Ven.
1207 1330 1361 1388 Flor.
1393 1326 1558 1386 Med.
1603 1325 1773 1383 Paris.
1814 1327 1874 1382 in
1920 1327 2204 1398 perniciem
2231 1324 2412 1403 suam.

336 1414 431 1475 Pr.
465 1411 628 1471 Med.
675 1414 855 1488 quint.
893 1409 1056 1468 Leid.
1089 1406 1396 1485 cmnjurapta
1421 1447 1440 1476 ,
1483 1399 1781 1478 quomodo
1823 1400 2129 1475 legendum
2176 1401 2416 1479 suspica-

336 1492 505 1549 batur
543 1489 884 1550 SchefferuS.

414 1584 615 1626 xxxxx.
665 1582 714 1639 5.
756 1574 811 1626 6.
851 1563 1089 1646 Quorum
1133 1579 1229 1620 rex
1255 1558 1526 1617 Erotimus
1552 1553 1761 1633 fiducia
1777 1550 1960 1634 septin
2001 1565 2232 1614 entorum
2315 1555 2412 1614 lio·

328 1662 451 1704 rum
480 1688 496 1711 ‚
541 1687 556 1702 .
599 1688 613 1702 .
655 1642 837 1719 divisis
864 1643 1211 1706 exercitibus,
1250 1655 1390 1695 nunc
1417 1635 1756 1711 Aegyptum,
1792 1642 1933 1689 nunt·
1995 1633 2163 1706 yriam
2192 1634 2248 1689 in
2279 1651 2304 1688 e
2350 1653 2410 1691 a·

334 1720 485 1796 bau]
538 1721 629 1777 Pr.
682 1719 843 1777 Med.
877 1718 1056 1792 quint.
1090 1716 1252 1773 Leid.
1296 1712 1464 1772 nodi.
1510 1711 1601 1770 ed.
1641 1711 1791 1769 Flor.
1831 1707 2185 1768 Hieratimus.
2271 1709 2412 1770 eriz.

337 1797 433 1855 ed.
466 1794 702 1854 Bcchar.
737 1797 883 1851 Ven.
914 1793 1075 1850 Med.
1109 1790 1277 1850 Paris.
1308 1790 1636 1848 Herotimus.
2023 1848 2026 1851 y

412 1890 507 1931 λι..
554 1889 603 1929 1.
642 1889 689 1929 1.
731 1872 952 1928 Mutuis
1007 1883 1207 1926 rutrum
1224 1867 1387 1934 odiis,
1423 1861 1633 1935 &mox
1656 1860 1800 1939 filiis
1825 1864 2125 1921 inimicitiis
2131 1873 2410 1936 paremum

312 1945 794 2031 fieccedentibus,]
838 1948 923 2003 Ita
974 1962 1059 2002 ec.
1094 1942 1258 2000 Med.
1300 1952 1428 2000 tert.
1461 1952 1644 2013 quart.
1677 1938 1842 1997 Leid.
1877 1939 2054 1997 Periz.
2075 1941 2287 1998 Verum
2316 1957 2406 2013 pr,

331 2025 501 2086 Med.
544 2025 648 2083 sec.
685 2026 868 2098 quint.
894 2021 1059 2080 Leid.
1096 2018 1186 2076 ed.
1212 2018 1383 2076 Rom.
1478 2019 1549 2072 iis
1574 2018 1901 2074 inimicorum
1929 2028 2042 2089 par.
2049 2014 2262 2092 succed.
2299 2018 2408 2074 Be·

338 2107 496 2162 char.
534 2105 683 2161 Ven.
712 2100 862 2159 Flor.
902 2097 1073 2157 Paris.
1105 2093 1347 2153 Mediol.
1420 2095 1608 2150 liorum
1650 2093 1952 2149 inimicitiis
1989 2090 2407 2169 parentumsuc-

324 2181 649 2313 cedengihus.
718 2178 927 2238 Aldina
957 2175 1010 2235 &
1046 2173 1275 2253 Juntina
1305 2190 1322 2232 t
1360 2169 1528 2241 odiis,
1565 2186 1686 2227 mox
1715 2164 1792 2241 δ’
1813 2163 2056 2244 filiorum
2100 2167 2403 2226 inimicitiis

356 2275 480 2317 ucce
518 2258 739 2314 entibus.
1382 2295 1391 2300 ,

305 2258 367 2340 J
404 2334 551 2393 Ibid.
595 2332 725 2390 Cum
754 2332 1066 2405 inexpiabili
1091 2328 1219 2387 bello
1248 2322 1325 2397 ὅ)
1348 2341 1535 2401 reges,
1576 2317 1653 2392 ἃ
1680 2331 1901 2399 regnum
1940 2317 2125 2394 Syriae
2173 2317 2402 2399 consum-

330 2424 448 2472 tum
479 2431 504 2469 e
554 2424 604 2469 ct
628 2408 676 2486 ‚]
720 2410 899 2483 Magl.
936 2403 1010 2479 ὅ)
1036 2426 1091 2465 re
1135 2424 1218 2476 es,
1261 2400 1335 2474 ὅ)
1365 2418 1551 2479 regum
1565 2396 1721 2476 filii,
1761 2394 1836 2469 ὅ*
1863 2415 2015 2474 regn.
2044 2394 2101 2455 S.
2134 2411 2181 2455 c.
2213 2415 2258 2456 e.

392 2491 494 2553 albi
542 2534 554 2545 .
594 2488 690 2545 Aa
719 2500 935 2546 externa
957 2498 1089 2560 popu
1112 2502 1173 2541 us
1207 2483 1416 2540 auxilia
1451 2473 1786 2551 concurrit,]
1845 2475 1972 2535 Sec.
2021 2472 2184 2532 Med.
2216 2474 2401 2534 decur-

327 2570 425 2625 rit.
478 2565 791 2623 Concurrere
818 2562 887 2621 ad
912 2566 1131 2637 aliquem
1168 2559 1317 2618 idem
1349 2557 1536 2625 valet,
1577 2551 1735 2628 quod
1758 2554 1989 2628 jungere
1990 2550 2085 2629 se,
2126 2546 2216 2609 vel
2231 2552 2404 2629 jungi

324 2647 530 2707 alicui.
570 2655 634 2700 ut
666 2658 835 2700 κιαι.
872 2659 921 2698 1.
959 2656 1045 2697 11.
1088 2636 1221 2695 Cum
1246 2635 1316 2693 ad
1357 2652 1473 2691 eum
1509 2634 1750 2690 certatim
1790 2631 2053 2704 principes
2081 2629 2398 2702 juventutis

320 2733 701 2780 concurrerent.
757 2718 1051 2775 Decurrere
1081 2731 1221 2772 vero
1249 2711 1319 2770 ad
1332 2713 1555 2783 aliquem
1586 2706 1852 2782 fignificat
1879 2707 2144 2764 auxilium
2158 2706 2388 2781 alicujus

320 2802 633 2871 implorare,
674 2808 738 2853 ut
770 2794 927 2869 supra
955 2810 1084 2850 xxv.
1124 2806 1176 2848 2.
1205 2795 1262 2847 6.
1323 2786 1524 2845 Omnia
1575 2787 1751 2860 igitur
1792 2780 2226 2855 circumspicienti
2268 2787 2399 2856 opti·

323 2892 473 2935 vnum
513 2870 684 2939 visum
719 2868 789 2946 est
835 2871 903 2928 ad
948 2867 1252 2926 Alexandri
1282 2864 1490 2940 Magni
1529 2856 1921 2936 Argyraspidas
1957 2860 2247 2916 decurrere.
2300 2875 2395 2921 xx.

323 2965 384 3011 2.
422 2968 508 3025 11.
549 2938 675 3030 Quo
704 2960 843 3006 metu
870 2948 1046 3004 territi
1074 2939 1352 3031 Locrenses
1387 2940 1476 2998 ad·
1499 2936 1779 3026 Spartanos
1814 2934 2114 2992 decurrunt.
2185 2949 2398 3025 thvu.

319 3006 2398 3183 32.?..35.f'55{2‡2231220st233;.‘?3²;³11.³‘²32¹„2{523⁶5²23r.!;.·5121„⁶2:

326 3184 612 3242 carnaniae
652 3183 848 3254 eripere
875 3176 1197 3242 volentibus,
1239 3172 1310 3232 ad
1336 3187 1512 3246 regem
1547 3164 1891 3225 Macedoniae
1940 3162 2270 3221 Demetrium
2307 3163 2396 3222 de·

330 3261 516 3317 currit.
555 3258 711 3316 Saxo
753 3256 850 3313 lib.
888 3270 1008 3311 111.
1040 3266 1167 3326 pag.
1201 3266 1294 3322 42.
1334 3264 1385 3320 3.
1471 3244 1672 3320 quidem
1709 3263 1743 3300 a
1777 3239 2004 3298 Baldero
2023 3238 2394 3316 praeliosupe-

329 3349 479 3393 ratus
503 3376 520 3401 ,
562 3336 629 3392 ad
655 3334 927 3391 Gevarum
956 3330 1228 3387 decurrere
1260 3344 1378 3402 nece
1428 3343 1454 3380 e
1486 3323 1717 3380 babebat.
1756 3317 1811 3376 ἃ.
1843 3318 1938 3397 lib.
1959 3332 2087 3375 xxv.
2103 3332 2232 3391 pag.
2254 3332 2390 3388 272.

328 3428 427 3481 49.
469 3413 547 3467 At
573 3409 741 3467 Sueno
768 3428 867 3466 non
895 3418 1163 3466 contentus
1176 3401 1340 3482 semel
1408 3402 1664 3460 acconibus
1698 3391 2052 3475 supplicaffe,
2105 3396 2290 3454 iterato
2316 3392 2400 3454 a&

322 3489 620 3549 Henricum
649 3486 897 3544 decurrit.
1517 3484 1524 3491 ’

410 3564 549 3622 Ibid.
592 3562 1003 3639 Peregrinosque
1030 3558 1141 3635 fibi
1179 3574 1331 3633 reges
1368 3549 1756 3630 circumspicere
1795 3543 2017 3623 coepit.]
2069 3546 2159 3605 Pr.
2197 3558 2389 3622 quart.

325 3641 495 3701 Leid.
529 3640 677 3698 Coll.
708 3641 783 3698 N.
812 3635 1257 3712 circuminspicere
1272 3653 1295 3705 ‚-
1331 3648 1436 3691 nec
1459 3631 1624 3689 aliter
1646 3627 1804 3703 supra
1833 3641 1969 3683 xxv.
2000 3638 2052 3682 2.
2081 3630 2134 3683 6.
2154 3624 2388 3684 Thuan.

320 3718 497 3779 MSS.
534 3716 1002 3799 Bongarscomnia
1045 3717 1218 3789 igitur
1244 3708 1758 3851 circumierit-ienti.
1792 3718 1881 3760 xx.
1921 3715 1972 3773 3.
2004 3718 2059 3773 4.
2100 3708 2196 3775 pr.
2218 3700 2391 3763 Med.

315 3798 635 3873 paucitatem
669 3796 825 3870 juant
875 3788 1417 3868 circuminspicientes.
1563 3798 1691 3843 ιιι.
1722 3799 1776 3853 5.
1810 3795 1898 3837 10.
1940 3796 2024 3854 pr.
2058 3789 2185 3835 tert.
2217 3777 2387 3838 Leid.

319 3873 476 3932 Con.
506 3871 582 3927 N.
620 3865 1028 3944 nequehonesta,
1055 3865 1156 3944 sed
1185 3876 1300 3923 tuta
1329 3856 1541 3939 confilia
1569 3855 2085 3932 circuminspiciebat.
2143 3852 2196 3912 &
2231 3872 2383 3916 xxn.

316 3968 370 4024 5.
404 3968 461 4020 4.
507 3960 637 4005 tert.
666 3960 846 4019 quart.
882 3945 1043 4003 Leid.
1080 3944 1228 4003 Coll.
1260 3943 1336 4000 N.
1378 3939 1490 3998 odio
1518 3936 1760 3995 diuturni
1793 3934 1999 4006 imperii
2026 3943 2204 3990 extera
2224 3935 2386 3990 auxi-

312 4033 393 4091 lia
422 4025 1036 4103 circuminjpicientibus.
1105 4019 1397 4096 Iidemque
1436 4030 1603 4072 xxx1.
1650 4029 1698 4072 1.
1732 4016 1785 4073 8.
1841 4027 2002 4071 novas
2039 4010 2164 4071 belli
2203 4005 2386 4085 causa:

1426 4093 1483 4172 Q
1511 4109 1550 4168 q
1580 4107 1619 4169 q
2277 4086 2380 4144 cir·
