2894 4823
552 255 616 334 L
666 278 695 335 1
741 284 806 334 n.
907 251 1299 329 XXXIX.
1429 253 1488 328 C
1536 271 1580 328 Α
1628 275 1691 326 ι».
1789 249 1893 326 ΙΙ.
2109 257 2255 347 669

220 436 452 514 veneni
490 433 766 509 obtulit.
867 430 895 478 ⁸
943 430 1078 504 Sed
1112 429 1435 527 Grypu8‚
1503 424 1891 522 praedietis
1918 425 2067 521 jam
2084 448 2246 501 ante

221 536 497 625 infidus,
546 533 763 605 veluti
798 532 1068 626 pietate
1124 552 1282 600 cum
1333 543 1557 600 matre
1605 542 1954 613 certaret,
2008 522 2252 599 bibere

223 633 717 728 ipsam-iubet3
780 626 1114 701 abnuenti
1179 619 1422 697 instat:
1501 616 1922 719 postremum
1981 625 2256 715 prolato

221 733 427 806 indice
462 754 612 804 earn
646 727 907 824 arguit,
953 722 1164 821 solam
1201 711 1618 817 defensionem
1643 714 1926 814 sceleris
1946 710 2253 816 superes-

205 828 277 925 se
314 830 674 903 adfirmans
707 879 728 911 ‚
777 821 842 916 fi
898 827 1121 908 bibat,
1186 822 1341 914 quod
1366 819 1512 916 filio
1545 821 1800 890 obtulit.
1904 819 2020 891 Sic
2064 813 2259 891 vista

224 930 479 1023 regina,
517 923 773 998 scelere
820 924 889 992 in
921 921 989 993 se
1024 919 1260 1005 νει-ΓΟ,
1312 915 1592 989 venen'o
1619 970 1637 1003 ‚
1685 915 1868 1011 quod
1909 914 2023 989 alii
2059 939 2257 1009 para·

221 1047 432 1114 verat,
481 1020 959 1116 exstinguitur.
1031 1021 1060 1073 9
1108 1017 1314 1088 Parta
1353 1013 1564 1112 igitur
1610 1013 1810 1110 regni
1849 1005 2255 1103 securitate,

224 1123 478 1218 Grypus
512 1118 672 1191 0610
704 1117 901 1188 annis
933 1116 1242 1209 quietem
1286 1106 1362 1184 ὃς
1409 1109 1557 1206 ipse
1594 1110 1873 1196 babuit,
1923 1109 1999 1183 ἃ
2032 1134 2258 1207 regno

213 1220 563 1316 praestitit.
668 1222 728 1260 ¹⁰
776 1216 1009 1287 Natus
1059 1205 1320 1283 deinde
1369 1208 1474 1282 illi
1506 1201 1606 1280 est
1651 1210 1954 1281 aemulus
2012 1207 2258 1308 regni,

219 1318 417 1393 frater
464 1314 671 1411 ipfius
719 1312 1139 1409 Cyzicenus,
1207 1306 1459 1382 eadem
1501 1322 1723 1378 matre
1766 1308 2088 1401 genituS,
2137 1305 2257 1379 sed

216 1440 294 1489 ex
341 1414 705 1489 Antiocho
746 1429 998 1504 patruo
1065 1408 1415 1500 susceptus
1449 1457 1477 1494 ,
1545 1426 1754 1497 quem
1792 1426 1947 1474 cum
1979 1426 2261 1495 veneno

216 1516 449 1588 tollere
498 1507 824 1584 voluiffet
857 1561 883 1598 ,
954 1525 1031 1578 ut
1083 1500 1419 1577 maturius
1469 1495 1678 1574 armis
1725 1522 1887 1573 cum
1918 1523 2006 1573 eo
2038 1495 2127 1573 de
2154 1523 2258 1574 re·

217 1636 346 1710 gno
381 1608 881 1693 contenderet,
937 1599 1304 1678 excitavit.

302 1714 495 1782 Cn..
544 1708 672 1777 111.
765 1711 784 1747 ¹
847 1706 1035 1774 Inter
1080 1704 1199 1773 has
1242 1700 1447 1797 regni
1519 1697 1758 1793 Syriae
1816 1696 2262 1792 parricidales

215 1806 628 1891 discordiaS,
675 1800 972 1873 moritur
1015 1822 1139 1870 rex
1172 1799 1279 1870 Ae
1336 1796 1490 1892 ypti
1523 1795 2261 1885 Ptolemaeu8‚'reano

218 1904 528 2002 Aegypti
565 1899 760 1971 uxori
804 1896 881 1969 ἃ
908 1896 1107 1968 alteri
1148 1918 1232 1967 ex
1272 1822 1435 1965 liliis
1464 1948 1486 1983 ,
1552 1917 1761 1987 quem
1801 1894 1914 1965 illa
1950 1873 2256 1990 legisiet,

215 2003 455 2077 relieto
489 2054 510 2089 ,
593 1995 934 2069 videlicet
999 1989 1182 2089 quali
1248 1991 1549 2084 quietior
1614 1988 1932 2085 Aegypti
1990 1991 2199 2063 status
2239 2046 2263 2079 ‚

262 2125 417 2174 uam
467 2095 714 2193 Syriae
758 2113 1053 2189 regnum
1106 2087 1274 2162 effet
1301 2138 1329 2177 ,
1391 2110 1553 2160 cum
1595 2105 1865 2174 mater,
1912 2087 2131 2159 altero
2177 2111 2268 2159 ex

268 2202 370 2273 liis
405 2193 634 2273 elefiio
666 2249 687 2281 ‚
764 2194 1057 2265 alterum
1103 2185 1365 2259 hostem
1416 2180 1586 2256 effet
1617 2183 1957 2256 habitura.
2053 2192 2081 2226 ²
2133 2185 2269 2281 lgi-

224 2315 325 2370 tur
387 2319 548 2370 cum
601 2291 892 2385 pronior
937 2289 1008 2360 in
1055 2286 1393 2357 minorem
1428 2281 1646 2355 filium
1679 2278 1894 2371 esset,
1945 2303 1984 2352 a
2013 2284 2273 2374 populo

225 2392 656 2492 compellitur
684 2387 1020 2485 majorem
1051 2384 1343 2481 eligere:
1380 2383 1494 2456 cui
1524 2380 1709 2476 prius
1748 2389 1954 2475 q‘uam
1977 2390 2272 2475 regnum

226 2493 456 2582 daret,
534 2507 827 2562 uxorem
876 2484 1140 2557 ademit
1184 2502 1206 2571 3
1271 2479 1848 2575 compulsumque
1892 2477 2270 2574 repudiare

225 2591 632 2667 carisfimam
682 2584 802 2659 fibi
851 2587 1155 2658 sororem
1205 2581 1648 2673 Cleopatram
1684 2632 1705 2666 ‚
1770 2578 2114 2649 minorem
2164 2578 2270 2650 so-

226 2714 447 2763 rorem
499 2688 796 2759 Selenen
870 2683 1130 2769 ducere
1180 2677 1437 2774 jubet,
1515 2698 1656 2747 non
1709 2693 2031 2747 materno
2081 2675 2272 2748 inter

226 2788 387 2862 filias
436 2784 715 2885 judicio
752 2837 773 2869 ‚
835 2805 996 2854 cum
1047 2778 1246 2849 alteri
1291 2774 1618 2847 maritum
1658 2773 2012 2866 eriperet,
2068 2774 2272 2847 alteri

230 2888 438 2960 daret.
553 2890 580 2942 ³
630 2879 765 2954 Sed
816 2879 1187 2972 Cleopatra
1230 2894 1371 2944 non
1419 2891 1564 2942 tam
1596 2893 1637 2940 a
1665 2872 1817 2940 viro
1849 2869 2218 2961 repudiata
2247 2924 2271 2956 ‚

230 3009 424 3080 quarn
489 3004 528 3053 a
574 2995 794 3052 matre
847 2973 1160 3047 divortio
1212 2970 1350 3041 viri
1404 2963 1672 3039 dimissa
1704 3019 1724 3052 ,
1798 2965 2147 3060 Cyziceno
2201 2966 2275 3036 in

235 3084 420 3179 Syria
473 3079 731 3162 nubit3
806 3077 1006 3168 eique
1040 3093 1129 3142 ne
1174 3066 1436 3140 nudum
1483 3063 1717 3135 uxoris
1749 3082 2009 3133 nomen
2045 3059 2273 3133 adfer-

232 3190 374 3271 ret,
438 3176 833 3252 exercitum
889 3168 1116 3266 Grypi
1143 3167 1636 3253 sollicitatum,
1687 3160 1884 3235 velut
1915 3157 2280 3330 dotalem(i

2192 3279 2232 3328 a

232 3499 391 3560 egendo
408 3513 518 3561 equa
534 3494 716 3559 efflefhs,
760 3496 969 3560 extemplo
985 3504 1121 3557 prope
1138 3509 1214 3552 ea·
1276 3491 1423 3552 status
1455 3524 1473 3548 ,
1522 3504 1655 3553 qnam
1704 3489 1858 3549 Syriae
1909 3499 2089 3546 regum
2145 3480 2282 3545 effla]

225 3563 430 3627 spiravit.
463 3563 698 3608 Gnonov.
1289 3556 1434 3603 Forte
1466 3558 1558 3611 leg.
1585 3552 1711 3615 quast
1739 3551 1931 3613 quium·
1967 3551 2035 3593 Ae
2080 3549 2157 3608 pn·
2181 3545 2278 3604 sta-

298 3627 342 3671 8.
376 3627 621 3673 Praedfmx
640 3628 738 3681 jetta
755 3633 861 3669 ante
889 3618 1075 3682 infide't's]
1097 3620 1210 3667 Non
1289 3630 1358 3665 nes
1378 3651 1394 3675 ‚
1422 3633 1551 3678 quarn
1584 3617 1740 3676 Syritn
1776 3614 1971 3674 futurus
1997 3563 2109 3670 εἰέκ.
2140 3609 2279 3656 Gno-

241 3689 400 3745 placet
429 3688 508 3734 hic
529 3688 796 3748 praediea),
829 3687 874 3732 δι
896 3683 1120 3731 vitiosum
1141 3680 1222 3728 cs·
1287 3692 1413 3728 nov.

246 3748 329 3805 se,
357 3752 506 3806 liquet
524 3753 602 3797 vel
635 3762 700 3795 ex
732 3761 795 3795 eo
818 3780 835 3807 ,
861 3748 977 3804 quia
999 3745 1216 3803 sequitur
1359 3752 1407 3798 3.
1469 3738 1728 3786 Exercitum
1780 3736 1913 3796 Cypri
1948 3733 2232 3791 filisa-tratum
2252 3733 2288 3799 ].

231 3815 333 3871 jam
352 3826 487 3865 ante..
536 3813 669 3870 quod
704 3813 776 3870 τρῖ
812 3810 1056 3871 praelim»-
1091 3807 1218 3853 otio·
1298 3803 1435 3851 MSS.
1467 3804 1510 3849 &
1548 3802 1761 3862 Juntae:
1815 3800 1955 3856 Gryps‘
1977 3796 2283 3855 fillicitatnm.

240 3874 295 3922 se
329 3874 601 3933 apponitur.
668 3873 808 3920 Malo
844 3873 1093 3930 scribere,
1110 3882 1219 3931 pn·
1293 3867 1353 3914 Et
1379 3869 1675 3913 boc-verum
1705 3860 1904 3906 censeo.
1960 3862 2290 3908 sollicitantur

234 3939 344 3988 ditis
368 3942 464 3997 jan·
497 3950 601 3984 ame
634 3935 811 3984 tuturis.
839 3939 1048 3983 scutra.
1295 3931 1427 3976 enim
1463 3924 1711 3983 exercitus
1744 3922 1948 3970 aliorum
1971 3956 1987 3977 ,
2015 3935 2065 3971 ut
2098 3925 2288 3972 nostr-as

299 4002 425 4050 CAt’.
454 4001 533 4050 111.
568 4012 608 4048 1.
637 3996 783 4063 Quafi
803 4000 994 4064 quium
1029 3995 1226 4059 Aegypt!
1298 3991 1544 4041 transeant
1573 3996 1777 4047 partem
1803 3998 1904 4034 non
1936 3999 2058 4035 veto
2090 3990 2178 4045 qut
2190 3998 2300 4101 Roi-⁸

824 4087 831 4095 .
1773 4078 1776 4081 .
2085 4080 2092 4085 ,
2231 4062 2256 4094 r
