2894 4823
680 278 937 354 Lrn.
1038 269 1303 349 XXV.
1449 272 1706 348 Car.
1807 273 1957 349 IV.
2186 289 2331 372 527

275 455 821 538 Atheniensium
855 505 881 544 ,
963 449 1040 525 δι
1114 451 1557 525 Achaeorum
1591 502 1619 539 ‚
1680 446 2328 547 Messeniorumque

273 557 659 649 excipitur.
759 557 786 607 5
830 550 969 624 Sed
1004 547 1081 623 ὅ(
1112 551 1410 622 Graecia
1443 549 1672 621 omnis
1698 548 2158 631 admiratione
2197 574 2323 623 no·

278 657 495 730 minis
534 653 721 749 ejuS,
772 646 1073 722 simul&
1100 670 1328 720 rerum
1364 648 1688 722 adversus
1736 646 2097 719 Romanos
2145 651 2323 721 Poe⁶

274 777 409 826 nos
462 775 555 824 ue
581 749 925 846 gestarum
954 745 1177 843 gloria
1202 746 1547 834 attonita,
1592 743 1980 817 adventum
2020 747 2171 841 ejus
2207 770 2330 820 exa

276 853 398 947 spe
477 850 669 920 abac.
763 845 799 892 ⁶
842 847 1147 917 Primum
1199 843 1300 916 illi
1358 843 1621 915 bellum
1675 841 1996 916 adversus
2052 847 2326 939 Sparta-

275 971 409 1021 nos
453 946 625 1019 fuit:
679 945 801 1018 ubi
838 942 1096 1036 majore
1126 941 1535 1028 mulierum,
1585 963 1792 1035 quam
1826 940 2137 1016 virorum
2181 943 2325 1015 vir·-
2414 937 2425 946 ’

278 1065 438 1119 tute
468 1060 811 1138 exceptus
832 1096 852 1129 ‚
900 1043 1374 1113 Ptolemaeum
1407 1037 1626 1110 filium
1673 1037 1749 1112 ἃ
1778 1042 2124 1112 exercitus
2160 1063 2322 1135 par-

279 1163 434 1217 tem
479 1139 1009 1213 robustissimam
1054 1135 1315 1209 amisit:
1370 1138 1679 1232 ⁷quippe
1721 1140 2157 1232 oppugnanti
2209 1161 2320 1210 ur·

276 1244 445 1315 bem
476 1290 506 1329 ,
576 1238 665 1309 ad
716 1237 1004 1309 tutelam
1045 1235 1312 1332 patriae
1362 1252 1556 1305 tanta
1604 1235 1974 1307 multitudo
2021 1235 2319 1309 femina-

276 1363 434 1411 rum
487 1336 842 1408 concurrit
871 1385 896 1422 ,
957 1352 1035 1405 ut
1089 1354 1228 1404 non
1271 1330 1520 1432 fortius
1560 1330 1826 1422 vifilus,
1875 1355 2078 1427 quam
2120 1356 2320 1407 vere-

279 1434 617 1521 cundius,
666 1432 1051 1505 recederet.
1153 1428 1181 1476 ⁸
1225 1431 1444 1502 Porro
1481 1430 1950 1502 Ptolemaeum
1988 1431 2202 1503 filium
2243 1456 2318 1504 e-

275 1531 391 1630 jus
440 1532 624 1604 adeo
665 1528 1019 1602 strenuum
1052 1526 1130 1600 ὅ(
1167 1550 1373 1599 manu
1421 1525 1679 1599 fortem
1736 1525 1939 1599 fuisse
1996 1529 2318 1616 tradunt,

281 1649 360 1703 ut
393 1631 644 1702 urbem
686 1631 1060 1723 Corcyram
1104 1649 1264 1697 cum
1308 1624 1733 1721 sexagesimo
1773 1625 2079 1723 ceperit:
2131 1626 2322 1700 idem

281 1730 557 1823 praelio
604 1727 835 1797 navali
878 1728 1445 1820 quinqueremem
1486 1747 1573 1796 ex
1619 1722 1869 1818 scapha
1912 1748 2070 1799 cum
2111 1724 2323 1820 septi·

277 1850 400 1897 mo
435 1822 804 1910 inliluerit,
855 1845 1268 1917 captamque
1304 1822 1648 1894 tenuerit:
1697 1824 1820 1896 ⁹in
1850 1825 2318 1921 oppugnatio·

281 1948 375 1996 ne
405 1946 684 2016 quoque
728 1925 1224 2014 Spartanorum
1266 1943 1481 2012 usque
1519 1918 1590 1991 in
1633 1920 1931 1992 mediam
1967 1924 2207 1995 urbem
2247 1944 2319 1993 e·

275 2045 425 2115 quo
462 2020 916 2116 procurrerit;
963 2021 1199 2114 ibique
1244 2018 1577 2089 concursu
1613 2018 2069 2090 multitudinis
2106 2020 2321 2091 inter·

282 2117 514 2190 secius
583 2116 683 2192 fit.
804 2127 862 2160 ¹0
909 2117 1120 2212 Cujus
1165 2135 1421 2209 corpus
1471 2130 1549 2184 ut
1601 2114 1891 2186 relatum
1936 2117 2113 2211 patri
2172 2114 2323 2202 est,

284 2214 535 2289 dixiss'e
568 2215 902 2310 Pyrrhum
945 2212 1218 2298 ferunt,
1263 2215 1591 2305 aliquanto
1621 2214 1870 2283 tardius
1901 2238 2037 2284 eum
2057 2265 2082 2300 ,
2132 2237 2321 2305 quam

282 2317 577 2386 timuerit
605 2311 772 2409 ipse,
819 2315 927 2385 vel
955 2315 1290 2385 temeritas
1333 2313 1478 2406 ejus
1519 2316 1862 2402 meruerit,
1912 2309 2181 2409 occisum
2223 2335 2323 2382 es·

317 2439 370 2486 e.

379 2511 439 2581 C
454 2531 572 2581 ΔΡ.
609 2510 706 2582 V.
776 2519 799 2552 ¹
837 2508 1178 2605 Repulsus
1231 2533 1272 2581 a
1314 2507 1667 2603 Spartanis
1709 2507 2043 2605 Pyrrhus,
2094 2507 2325 2607 Argos

282 2608 498 2705 petit:
554 2608 694 2695 ibi,
743 2606 907 2681 dum
964 2611 1406 2706 Antigonum
1472 2607 1544 2680 in
1606 2607 1773 2680 urbe
1833 2607 2133 2681 clausum
2201 2630 2324 2684 ex-

279 2728 596 2805 pugnare
645 2724 932 2780 conatur
961 2762 983 2798 ‚
1031 2708 1213 2780 inter
1257 2704 1790 2783 confertisfimos
1832 2706 2325 2881 violenticiilime

2175 2829 2329 2879 imr-

249 2950 260 2961 ’
279 2950 560 3020 {reustum
612 2965 694 3003 aut
739 2958 952 3014 trustem
987 2955 1270 3019 Peloponneso
1375 2999 1386 3009 ,
1411 2955 1518 3002 Cau
1540 2950 1813 3015 sexaeglnea]
1839 2954 1974 3002 MSS.
2016 2971 2112 3003 cna
2137 2955 2324 3018 lixoge-

284 3033 373 3077 pro
424 3021 475 3068 in
528 3019 941 3077 Peloponnesum.
1024 3019 1270 3067 Gronovii
1332 3016 1475 3078 stau,
1505 3018 1550 3066 ἀ
1587 3019 1736 3076 paulo
1770 3015 1875 3074 post
1904 3033 1998 3067 m
2026 3018 2222 3079 septim.
2250 3021 2329 3067 lta·

284 3083 523 3131 acutissimi
559 3080 837 3130 emendatio
887 3082 1139 3141 probanda
1176 3082 1269 3131 uti·
1344 3082 1463 3128 Plin.
1495 3093 1582 3128 xn.
1620 3079 1736 3128 Hist.
1770 3080 1880 3127 Nat.
1920 3094 1965 3128 1.
2005 3082 2223 3141 Epulatus
2252 3085 2326 3128 in-

283 3157 395 3204 que.
421 3146 620 3192 va.
1343 3156 1419 3193 tra
1444 3143 1692 3206 θάπτωσι
1724 3159 1818 3191 ενα
1846 3144 2169 3204 duodevicessao
2194 3147 2324 3191 cemi-

345 3220 390 3265 7.
421 3210 480 3256 Ur
497 3224 584 3255 nen
604 3207 773 3269 fortius
790 3209 1105 3270 emmaum
1139 3225 1264 3257 οτη-
1343 3220 1402 3256 te.
1443 3211 1487 3255 δι
1538 3207 1731 3254 Orostus
1781 3219 1851 3254 vt.
1891 3207 1964 3254 16.
2014 3209 2114 3256 Sex.
2144 3210 2327 3268 Pompe·

281 3272 460 3320 enulfus
485 3268 749 3332 recedent]
779 3270 895 3318 Non
938 3276 1102 3330 placet
1143 3272 1267 3320 haec
1329 3274 1405 3329 jus
1439 3287 1532 3317 cum
1566 3270 1779 3330 centesimo
1820 3273 1963 3330 equite
1998 3269 2193 3331 auffugit.
2242 3270 2327 3317 Vi-

285 3333 523 3382 distinffio
543 3366 562 3391 ‚
604 3345 714 3381 nam
747 3345 940 3381 comma
985 3334 1093 3392 post
1141 3351 1263 3384 wre-
1340 3335 1403 3380 de
1436 3335 1691 3381 observat.
1729 3332 1778 3379 in
1807 3332 1981 3392 script.
2001 3332 2191 3380 Eccles.
2213 3344 2324 3392 cap.

277 3399 459 3445 enodius
495 3397 795 3455 ponendum.
869 3396 981 3443 Nec
1014 3398 1145 3443 enim
1180 3411 1266 3445 co·
1343 3407 1388 3452 3.
1419 3398 1653 3447 GRoNoV.

286 3460 444 3507 haeret
462 3493 479 3515 ‚
498 3460 779 3507 amulius
799 3460 1016 3507 receives
1032 3492 1050 3518 ‚
1081 3461 1162 3507 sed
1190 3477 1266 3509 ve-
1404 3460 1513 3506 Item
1534 3459 1705 3521 praelio
1738 3453 1932 3519 navali]
1957 3456 2129 3519 Juntte
2145 3472 2161 3504 ε
2205 3457 2326 3508 ue-

281 3524 503 3570 recundius
535 3518 674 3568 vinus
692 3555 708 3580 ,
729 3523 982 3578 quomodo
1009 3522 1266 3571 dicebatur
1329 3525 1507 3582 praelio
1541 3522 1713 3569 navali.
1743 3520 1940 3567 Cam-zv.

285 3583 469 3642 vistis,
489 3584 602 3642 quia
628 3584 859 3631 mulieres
889 3597 1000 3633 cum
1032 3586 1266 3633 vicerant.
1406 3587 1530 3633 CAP.
1567 3586 1628 3631 V.
1706 3595 1748 3629 1.
1791 3583 2065 3644 Etpvgnan
2105 3582 2326 3647 emt-r]

283 3646 473 3695 Scuta.
1339 3647 1544 3694 Diversa
1577 3643 1727 3693 lestio
1761 3646 1828 3692 est
1859 3657 2108 3707 eapugnare
2137 3645 2330 3709 cogitas.-

345 3711 390 3757 8.
415 3711 570 3756 Urbem
589 3706 854 3771 Corcyram]
884 3710 1068 3757 Urbem
1089 3710 1265 3769 prima·
1342 3722 1487 3767 quam
1541 3708 1787 3755 Sichardus
1823 3708 1869 3753 in
1919 3720 2090 3768 textu,
2138 3711 2221 3758 alii
2272 3711 2324 3758 in

289 3768 400 3819 riam
433 3773 695 3819 Phaeacum
728 3772 811 3819 seu
850 3772 1101 3829 Corcyrae
1137 3772 1265 3821 insu·
1341 3772 1557 3829 mai-gine
1572 3773 1894 3818 collocarunt.
1909 3772 2127 3820 Sedena
2148 3774 2324 3821 editio·

287 3833 376 3881 lae.
439 3835 561 3882 Vide
612 3835 890 3881 Pausaniam
946 3835 997 3881 in
1053 3835 1263 3896 Atticis,
1339 3848 1403 3882 ne
1427 3834 1645 3881 Bccharii
1676 3832 1903 3880 lectionis
1936 3834 2039 3889 ejus
2073 3837 2328 3895 vestigium

286 3895 367 3941 ubi
401 3897 519 3944 hanc
552 3908 659 3943 rem
695 3897 858 3954 attigit.
923 3898 1032 3957 Pag.
1057 3910 1128 3945 10.
1159 3900 1262 3946 Nu·
1339 3898 1424 3944 est.
1481 3897 1641 3943 Habet
1690 3896 1818 3942 euim
1865 3898 1947 3944 illa
1982 3901 2094 3960 cogit
2138 3912 2230 3957 pro
2259 3917 2331 3946 co·

285 3967 508 4014 morosi.
531 3972 610 4015 32.
648 3961 741 4005 διο.
772 3958 995 4007 Editione
1029 3960 1113 4009 illa
1133 3961 1262 4020 opti·
1332 3964 1472 4023 gisae.
1504 3959 1564 4004 Et
1595 3958 1784 4006 fortass'e
1818 3962 1980 4020 cogitat
2017 3960 2203 4009 rectum
2227 3964 2333 4020 est,

275 4030 355 4071 ma
386 4022 622 4081 syiburgii
654 4033 782 4069 utor.
810 4021 991 4070 Fauna.
1342 4026 1387 4070 ά
1408 4057 1425 4083 ,
1456 4021 1571 4080 quia
1607 4019 1730 4070 falso
1765 4021 2040 4081 suspcftum
2059 4023 2335 4085 ,rejectum

1236 4084 1245 4094 '
2225 4086 2337 4133 fult.
