2894 4823
500 287 641 339 100

1177 270 1880 364 Jusrtur

501 434 1014 532 magistratibus
1059 440 1477 533 perscribit,
1530 439 1919 534 eademque
1957 461 2122 512 cera
2157 440 2560 535 superindu-

503 536 614 609 &a
652 533 884 626 delet3
935 548 992 593 ¹4
1015 558 1105 610 ne
1142 556 1261 609 aut
1296 538 1637 663 scriptura
1682 535 1824 633 fine
1874 540 2190 634 tegmine
2222 539 2568 614 indicium

500 809 555 854 lo
590 803 855 854 attenderis
875 839 897 865 ,γ
937 819 1084 865 quam
1128 805 1287 866 prima
1328 806 1495 854 fronte

500 870 712 917 videtur.
777 869 993 916 Primum
1042 869 1207 928 enim,
1258 870 1368 929 quis
1400 873 1495 918 hoc

504 945 615 979 cum
647 931 838 987 judicio
875 933 1090 992 dixerit,
1134 935 1277 980 delere
1321 936 1498 980 tabulas

499 997 637 1041 cera?
670 994 944 1042 Dicendum
978 996 1110 1043 enim
1129 1031 1145 1055 ,
1174 1009 1343 1058 tegere,
1364 1008 1504 1055 non,

501 1060 660 1104 delere.
701 1056 826 1104 Dein
847 1091 864 1119 ‚
903 1071 1029 1115 quae
1063 1061 1242 1106 isthaec
1273 1059 1394 1106 ratio
1415 1062 1498 1119 Ju-

502 1121 612 1167 stini
650 1120 717 1166 est
735 1155 751 1180 ‚
801 1137 904 1167 cera
935 1124 1113 1169 indubia
1149 1127 1323 1169 tabulas
1349 1123 1500 1179 delet,

503 1200 557 1231 ne
584 1199 728 1229 recens
761 1201 863 1231 cera
894 1185 1033 1231 dolum
1052 1187 1251 1245 prodat?
1281 1187 1393 1243 Quo
1414 1187 1502 1230 vel

502 1247 759 1294 recentior
777 1259 890 1293 cera
912 1248 978 1293 est
999 1281 1014 1306 ,
1034 1247 1370 1295 velvetustior
1387 1281 1403 1307 ,
1432 1259 1498 1293 eo

500 1323 566 1357 ne
597 1308 682 1356 fiet
717 1322 767 1356 ut
805 1313 888 1357 vel
919 1310 1106 1358 facilius
1136 1313 1281 1359 dolus
1297 1313 1380 1357 vel
1407 1309 1498 1356 dif-

501 1371 685 1419 ficilius
731 1373 1017 1429 aperiatur?
1068 1375 1195 1421 Huic
1231 1371 1499 1420 difficultati

504 1436 701 1483 obviam
739 1435 811 1481 ire
841 1437 999 1483 voluit
1025 1434 1315 1484 Cl.VossiuS.
1342 1438 1497 1494 Nam,

502 1499 662 1555 inquit
680 1531 697 1555 ,
718 1499 765 1557 J?
776 1514 876 1545 cera
905 1500 1144 1546 inducatur
1160 1534 1175 1557 ‚
1204 1516 1287 1545 nou
1305 1502 1372 1545 fta
1393 1501 1497 1556 olet,

499 1577 553 1608 ac
582 1561 628 1621 st
649 1562 817 1621 liquida
843 1561 1210 1623 fitperfimdaecur.
1254 1563 1344 1608 Sed
1381 1574 1497 1608 cera

501 1637 679 1671 recens
716 1638 881 1671 nonne
920 1638 1075 1682 aeque
1113 1624 1367 1682 superduci
1407 1637 1497 1682 po-

501 1688 591 1734 test
610 1699 667 1733 ac
681 1687 766 1734 illa
782 1721 799 1745 ‚
827 1701 951 1745 quae
973 1690 1024 1734 lit
1042 1689 1312 1735 vetustior?
1334 1687 1462 1733 Dein
1482 1719 1499 1744 ,

505 1752 535 1798 fi
573 1762 688 1796 cera
718 1750 906 1796 recenti
947 1750 1057 1798 usus
1104 1751 1217 1798 effet
1259 1752 1496 1797 Demara-

502 1826 581 1861 tus
607 1846 625 1868 ,
674 1825 836 1870 neque
885 1813 935 1860 in
988 1826 1046 1860 ea
1080 1813 1343 1871 quidquam
1382 1812 1498 1860 scri·

502 1876 693 1934 pulset,
730 1888 791 1922 :m
826 1875 939 1933 ideo
985 1875 1126 1923 citius
1177 1877 1366 1934 prodita
1417 1888 1496 1924 res

494 1938 687 1997 fuilset,
740 1950 883 1995 quam
926 1940 957 1986 si
1003 1938 1267 1986 vetustiore
1302 1938 1369 1986 uti
1405 1952 1496 1985 vo-

502 2001 696 2048 luill‘et?
747 2002 1004 2049 Praeterea
1038 2002 1124 2058 qui
1161 2002 1299 2048 videt
1333 2013 1498 2048 ceram

497 2063 825 2121 veterem,in
862 2077 959 2122 qua
995 2064 1111 2112 nihil
1146 2064 1375 2123 scriptum
1414 2078 1498 2123 ap-

503 2140 710 2185 pareat,
759 2126 881 2185 ille,
927 2129 956 2175 fi
994 2139 1089 2184 qua
1129 2128 1179 2175 in
1218 2127 1498 2187 suspicione

498 2191 603 2237 doli
652 2189 777 2244 erit,
835 2203 936 2238 non
976 2189 1090 2238 ideo
1134 2190 1295 2239 minus
1332 2203 1498 2238 ceram

500 2254 634 2301 illam
667 2252 870 2300 eraserit
891 2288 908 2313 ,
942 2266 1086 2310 quam
1121 2256 1152 2301 li
1189 2266 1365 2302 recens
1391 2254 1497 2300 fue-

499 2317 576 2365 rit.
619 2317 759 2363 Adde
779 2350 795 2375 ,
830 2317 965 2373 quod
986 2318 1016 2363 fi
1041 2317 1148 2375 quis
1175 2317 1305 2365 dicat
1333 2329 1498 2364 ceram

500 2378 895 2439 superinductam
950 2380 1124 2428 tabulis
1175 2380 1383 2438 ligneis..
1432 2393 1497 2428 ex

501 2457 561 2490 ea
609 2456 711 2491 non
755 2444 881 2491 effici
929 2444 1013 2491 illa
1055 2456 1107 2490 ut
1141 2445 1193 2490 fit
1225 2444 1497 2502 vetustior,

500 2506 789 2563 recentior,
820 2507 987 2552 durior
1008 2539 1023 2562 ‚
1063 2506 1306 2562 liquidior.
1346 2509 1495 2552 Nam-

500 2580 597 2626 que
644 2569 795 2615 isthuc
819 2568 1167 2627 fimetindmva,
1221 2581 1383 2625 neque
1437 2568 1494 2615 il-

499 2630 585 2677 lud
632 2631 843 2687 probat,
895 2641 1059 2685 neque
1101 2629 1259 2677 illud?
1313 2629 1496 2687 Dices,

496 2692 686 2737 Tamen
722 2694 815 2738 boc
843 2690 1021 2736 scimus
1040 2724 1056 2746 ,
1086 2690 1398 2751 Veteresjhac
1420 2705 1495 2739 ar-

501 2765 550 2800 te
604 2753 716 2800 usos
767 2751 921 2798 suiss‘e.
987 2753 1199 2811 Fateor,
1234 2758 1301 2802 ⁴&
1349 2754 1495 2814 pauci

498 2818 755 2875 ignorant3
810 2816 874 2860 At
920 2814 999 2860 bic
1041 2829 1141 2863 non
1176 2819 1237 2864 de
1272 2817 1356 2866 usu
1396 2818 1494 2877 agi·

498 2891 608 2937 tur,
644 2877 727 2925 sed
753 2877 816 2923 de
860 2877 945 2924 illa
984 2879 1211 2938 ratione,
1244 2894 1387 2938 quam
1424 2881 1493 2929 af-

498 2942 598 2989 fert
643 2937 887 3002 Justinus,
941 2957 994 2987 ne
1040 2959 1184 2990 recens
1220 2961 1320 2991 cera
1354 2946 1496 2991 dolum

487 3004 712 3068 proderet.
750 3004 911 3050 Addes
942 3006 1036 3050 hoc
1074 3019 1271 3063 quoque
1292 3041 1308 3065 ,
1329 3019 1497 3054 cerani

418 3095 421 3096 ν
503 3069 638 3116 illam
668 3066 1055 3125 superinductam
1086 3069 1216 3116 suill'e
1236 3104 1253 3126 ,
1284 3083 1381 3116 uon
1413 3085 1498 3117 an·

501 3142 603 3179 tem
624 3129 971 3188 superinfusam
989 3164 1006 3188 ‚
1033 3132 1248 3189 ideoque
1277 3134 1358 3179 vel
1386 3136 1495 3190 pol-

500 3197 598 3243 lice
646 3196 727 3241 vel
780 3195 991 3240 rotundo
1039 3195 1203 3251 aliquo
1240 3195 1373 3254 ligno
1409 3208 1495 3242 ex·

504 3255 690 3305 tensam
744 3256 791 3302 ἃ
843 3255 1036 3304 ἀιιὸὶειπι
1095 3257 1246 3304 fuiffe.
1326 3258 1494 3305 Sentio

501 3322 607 3367 vim
629 3318 807 3376 verbi,
829 3321 870 3366 ἃ
904 3319 1005 3366 seio
1036 3320 1147 3376 quid
1178 3322 1229 3366 lit
1256 3319 1333 3380 id,
1361 3323 1494 3378 quod

504 3385 662 3432 imile
691 3395 957 3436 vocamus;
990 3383 1079 3429 sed
1101 3385 1145 3429 ἃ
1175 3395 1287 3430 cera
1321 3396 1496 3432 recens

502 3447 572 3494 ita
600 3458 799 3504 quoqne
828 3445 1060 3492 tractatur
1087 3446 1241 3503 digitis
1263 3447 1307 3493 &-
1324 3459 1495 3493 exten-

504 3510 670 3564 ditnr3
708 3509 876 3565 ltaque
907 3508 1101 3566 semper
1119 3509 1297 3555 eodem
1321 3510 1493 3556 referi·

500 3586 627 3619 mur.
662 3571 989 3630 Quamobrem
1031 3571 1094 3617 lic
1129 3572 1384 3624 existimo,
1412 3584 1495 3619 aut

500 3635 737 3696 Justinum
770 3633 955 3688 aliquid
986 3636 1218 3692 omiliss'e,
1253 3637 1387 3693 quod
1421 3635 1492 3682 di·

502 3695 634 3742 stum
671 3697 889 3753 oportuit
929 3697 1169 3754 ainpliuS,
1212 3710 1292 3743 ant
1330 3699 1491 3746 minus

503 3761 648 3821 clare·
694 3761 739 3803 &
788 3760 949 3806 minus
1000 3761 1217 3818 expreil'e
1272 3763 1491 3809 locutum

497 3818 630 3864 fuiss'e
674 3829 817 3869 auam
863 3822 1108 3870 debuerat.
1176 3824 1267 3870 Sed
1300 3826 1360 3870 ad
1396 3824 1493 3882 pri-

503 3892 633 3926 mam
661 3880 795 3926 illam
822 3883 1150 3932 difficultatem
1180 3888 1407 3940 remigrat
1435 3902 1491 3934 o·

460 3963 463 3966 ·
498 3943 624 3990 ratio
679 3943 905 4001 (tahelsas
946 3947 1116 4007 ligneas
1158 3965 1258 3996 cera
1282 3951 1491 4011 fieperin-

500 4008 632 4057 duola
666 4005 817 4064 deles)
863 4019 990 4065 quae
1035 4022 1116 4058 res
1136 4043 1155 4071 ,
1202 4013 1273 4060 uti
1302 4015 1363 4062 ab
1398 4013 1489 4065 ini·

2314 636 2516 713 daret
2533 691 2565 730 ,

1567 801 1638 850 tio
1676 804 1936 866 dicebam,
1971 802 2176 853 absurda
2212 803 2318 859 est3
2372 803 2566 851 Delere

1570 878 1706 913 certe
1754 869 1943 916 tabulas
1988 868 2191 915 nolebat
2238 868 2578 926 Demaratus,

1572 929 1659 977 sed
1684 942 1849 989 tegere
1893 942 2115 989 tantum,
2153 932 2200 977 δι
2235 929 2420 978 idfatis
2457 941 2566 977 erat

1574 993 1632 1040 ad
1680 994 1960 1052 confilium,
1994 994 2127 1051 quod
2153 991 2258 1052 ipse
2308 993 2357 1040 in
2393 993 2570 1040 animo

1572 1054 1910 1113 formaverat3
1957 1057 2098 1102 Unde
2150 1057 2195 1102 δι
2241 1069 2359 1105 mox
2395 1055 2566 1103 scribit

1571 1119 1784 1180 Justinus
1811 1118 1902 1179 (ne
1932 1131 2017 1167 aut
2040 1118 2270 1180 scriptura
2287 1120 2381 1180 stne
2408 1121 2564 1181 tegmi-

1572 1199 1651 1229 ne.
1670 1182 1749 1243 ..)
1777 1182 1894 1230 Eam
1924 1194 2085 1229 autem
2105 1182 2436 1230 difficultatem
2451 1194 2568 1230 cum

1571 1244 1701 1293 Elias
1735 1244 1962 1293 Borellus
1991 1244 2432 1305 animadvertiss‘et,
2460 1258 2566 1303 quo

1571 1306 1767 1366 ingenio
1808 1307 1876 1355 est
1907 1309 1954 1355 &
1988 1306 2213 1365 judicio,
2300 1320 2563 1365 utrumque

1572 1383 1733 1417 autem
1766 1371 1817 1418 in
1851 1384 1917 1418 eo
1953 1372 2183 1429 singulare
2224 1384 2252 1418 e
2303 1371 2331 1433 >
2367 1371 2420 1418 id
2446 1383 2567 1428 pro-

1571 1433 1705 1480 fecto
1723 1434 1924 1493 reperit,
1940 1435 2074 1491 quod
2095 1433 2211 1481 mihi
2231 1438 2393 1492 placet
2409 1434 2566 1480 maxi·

1573 1510 1652 1543 me
1675 1530 1691 1555 ,
1727 1498 1958 1555 quodque
1994 1498 2120 1545 adeo
2158 1497 2263 1546 aliis
2291 1496 2569 1545 commuui-

1573 1560 1778 1606 candum
1813 1560 1905 1606 esse
1943 1561 2126 1617 putavi.
2192 1560 2428 1617 supponit
2478 1558 2566 1617 igi-

1571 1634 1650 1668 tur
1686 1623 1774 1669 ille
1810 1624 2038 1681 Trogum·
2054 1622 2371 1681 Pompeium,
2422 1635 2566 1672 culus

1573 1686 1811 1732 historiam
1841 1685 2086 1732 contraxit
2103 1687 2332 1747 Jullinus,
2345 1687 2409 1733 ita
2437 1685 2566 1733 olim

1571 1748 1619 1794 in
1652 1749 1779 1795 libro
1811 1748 1896 1797 suo
1933 1748 2136 1807 posuill‘e
2185 1749 2364 1808 (omnia
2403 1751 2452 1795 in
2491 1761 2569 1796 ta-

1571 1812 1692 1857 bellis
1742 1814 1895 1872 ligneis
1948 1810 2231 1872 magistratui
2277 1812 2526 1873 persi-ripfit
2547 1845 2574 1872 ,

1570 1874 1816 1936 easdemque
1861 1891 1962 1921 cera
2000 1875 2312 1935 superinducta
2359 1876 2521 1922 delevit
2538 1874 2570 1935 )

1570 1937 1780 1997 (quod,
1829 1938 2023 1995 delevit,
2085 1938 2322 1995 optimum
2366 1938 2469 1997 est,
2514 1950 2570 1984 ut

1576 2012 1692 2046 mox
1727 2000 1952 2058 videbis,
1991 2002 2037 2048 δι
2068 2001 2212 2059 longe
2246 2000 2376 2048 aliud
2417 2012 2569 2059 quam

1576 2063 1709 2119 quod
1738 2063 1897 2120 prima
1922 2063 2085 2110 fronte
2119 2064 2344 2125 videtur)
2387 2065 2450 2110 At
2487 2063 2568 2109 hic

1576 2126 1772 2184 noster,
1799 2126 1956 2183 inquit
1993 2127 2252 2183 BorelluS,
2288 2126 2419 2185 quod
2440 2126 2566 2173 Tro·

1572 2201 1658 2247 gns
1695 2200 1787 2247 per
1827 2200 2019 2247 tempus
2056 2190 2370 2248 praeteritum
2405 2190 2567 2246 expli-

1576 2264 1772 2299 caverat
1791 2286 1807 2311 ,
1844 2253 1905 2299 ad
1940 2253 2169 2309 praesens
2200 2265 2392 2310 tempus
2411 2265 2568 2299 trans-

1575 2315 1718 2375 tulit,
1766 2314 1834 2362 uti
1871 2315 2117 2373 solemus,
2165 2327 2274 2363 cum
2323 2314 2566 2362 narratio·

1573 2390 1685 2425 nem
1726 2377 2005 2426 breviorem
2050 2378 2216 2426 facere
2266 2379 2311 2426 δι
2357 2378 2566 2426 vividio-

1572 2454 1675 2487 rem
1713 2442 1974 2489 studemus.
2036 2444 2128 2489 Sed
2165 2441 2224 2489 in'
2263 2454 2362 2500 e0,
2406 2441 2566 2500 inquit

1570 2504 1771 2551 Amicus
1802 2518 1938 2552 mens
1961 2538 1977 2562 ,
2010 2505 2274 2563 graviffime
2306 2504 2462 2563 lapsus
2492 2505 2561 2551 est

1567 2566 1780 2627 Justinus
1801 2601 1817 2624 ,
1839 2568 1971 2625 quod
2004 2568 2126 2615 illud
2162 2567 2396 2628 (delevit)
2434 2569 2568 2626 apud

1572 2629 1784 2688 Trogum
1816 2644 1840 2676 a
1868 2632 1983 2676 deleo
1999 2643 2158 2676 ortum
2184 2631 2277 2695 else
2309 2630 2573 2679 arbitratus

1573 2692 1773 2749 est,cum
1792 2707 1817 2739 a
1836 2694 1996 2751 del'lno,
2006 2695 2343 2752 delevistels‘tum
2359 2695 2568 2742 descen·

1571 2756 1652 2802 dat
1671 2768 1848 2802 tamen.
1873 2757 1983 2803 Hoc
2002 2769 2159 2803 autem
2179 2758 2357 2815 probat
2375 2757 2583 2818 (quana

1572 2831 1718 2875 quam
1767 2819 1877 2865 milii
1924 2820 2120 2876 quidem
2169 2833 2269 2867 non
2307 2831 2570 2880 tantopere

1571 2881 1766 2928 videtur
1800 2883 2092 2938 probatione
2129 2896 2254 2940 opus
2293 2883 2425 2943 else)
2451 2898 2569 2942 pro·

1573 2944 1654 2990 bat
1688 2944 1918 3002 inquam,
1964 2958 2026 2992 ex
2063 2949 2194 2993 Aulo
2234 2946 2430 3003 Gellio,
2479 2945 2574 3004 qm‘

1570 3007 1620 3054 in
1668 3009 1804 3054 fimili
1848 3020 2132 3065 argumento
2177 3009 2355 3055 eodem
2403 3011 2565 3057 verbo

1573 3069 1688 3117 usus
1724 3070 1826 3126 est,
1865 3083 2050 3118 mutata
2093 3081 2272 3119 tantum
2315 3074 2564 3128 praepoli-

1571 3133 1742 3188 tione;
1793 3145 1906 3179 nam
1959 3135 2086 3192 apud
2130 3136 2340 3191 Trogum
2388 3135 2568 3194 Pomp?

1574 3195 1640 3242 est
1659 3227 1675 3253 ‚
1716 3197 1865 3254 delet,
1899 3199 2026 3254 apud
2058 3197 2276 3245 Gellium
2298 3231 2314 3256 ,
2352 3198 2521 3245 collem?
2543 3233 2565 3258 ,

1572 3273 1600 3306 a
1629 3260 1798 3305 collino.
1865 3260 2026 3307 Locus
2056 3260 2125 3308 est
2153 3273 2276 3308 xvn.
2304 3272 2350 3320 9.
2382 3263 2567 3311 Liseras

1571 3325 1619 3368 in
1649 3325 1814 3382 lignum
1841 3322 2066 3382 incidiffi5
2089 3319 2234 3383 postea
2253 3327 2426 3371 tabulas
2448 3359 2464 3383 ‚
2494 3328 2568 3373 nn·

1559 3386 1741 3443 Jbls‘tum
1773 3384 1832 3443 est
1855 3419 1871 3444 ‚
1911 3401 2012 3432 cera
2050 3386 2268 3446 collemffi.
2316 3389 2454 3435 Haec
2481 3402 2566 3436 au·

1572 3460 1708 3506 tem,
1741 3461 1868 3504 quae
1903 3448 2052 3506 legisti
2089 3451 2277 3508 mod0,
2319 3464 2465 3508 quam
2504 3464 2568 3502 ea

1570 3509 1682 3558 mihi
1717 3509 1966 3569 ingeniosa
1987 3546 2003 3571 ‚
2037 3523 2134 3559 tam
2163 3513 2207 3559 δι
2240 3526 2298 3560 ea
2327 3514 2442 3562 mihi
2475 3527 2567 3562 ve-

1569 3585 1622 3620 ra
1642 3574 1733 3619 esse
1754 3574 2014 3621 videntur:
2048 3573 2109 3621 Et
2125 3608 2142 3633 ,
2162 3576 2192 3622 fi
2222 3575 2328 3632 ipse
2348 3578 2462 3625 talia
2492 3578 2567 3625 in-

1567 3636 1835 3695 venissem,
1875 3636 2090 3685 inventis
2122 3639 2399 3694 gauderem.
2458 3642 2562 3687 Ad-

1565 3698 1683 3746 didit
1719 3701 1764 3746 &
1799 3699 1928 3746 aliud
1957 3700 2106 3746 etiam
2130 3701 2356 3748 Borcllus
2384 3702 2434 3749 in
2462 3702 2567 3752 fine

1567 3761 1803 3820 epistolae
1822 3796 1839 3820 ,
1876 3763 2109 3820 Nunquid
2138 3762 2210 3809 illi
2241 3764 2353 3810 mihi
2394 3778 2564 3814 errare

1567 3825 1887 3884 viderentur,
1924 3825 2006 3882 qui
2040 3837 2267 3883 putarent
2299 3826 2395 3874 dici
2436 3830 2565 3876 Lati-

1568 3900 1632 3934 ne
1665 3889 1796 3945 posse
1817 3922 1833 3946 ,
1885 3890 2026 3934 malus
2064 3890 2233 3935 Rheeor
2270 3891 2452 3951 ingenia
2486 3893 2566 3937 de·

1566 3953 1658 4006 let,·
1709 3962 1773 3996 ex
1805 3963 1866 3997 eo
1911 3949 2100 3998 scilicet
2135 3952 2272 4006 quod
2309 3955 2436 4010 apud
2472 3955 2559 3998 Pe-

1564 4017 1782 4061 tronium
1817 4011 2059 4072 legimus:
2102 4012 2309 4064 Nondum
2342 4018 2561 4064 umbrati*-

2479 4092 2555 4123 cm
