2894 4823
2289 237 2304 264 Y

577 251 719 343 636
1251 233 2070 343 JUSTINt·

673 423 870 494 CAP.
922 419 1048 492 ΙΙΙ.
1119 431 1141 467 ¹
1182 420 1297 493 Ad
1363 424 1567 520 regni
1635 423 1892 500 deinde
1961 427 2648 515 administrationem·

575 545 740 594 cum
771 516 1187 607 acceffiffet,
1239 517 1472 594 statim
1510 545 1649 595 non
1680 523 1770 596 de
1801 528 2110 624 regendo
2135 582 2164 621 ,
2217 532 2335 607 sed
2384 534 2473 607 de
2518 560 2640 611 au·

576 618 815 718 gendo
862 640 1084 714 regno
1133 617 1504 712 cogitavit.
1597 632 1624 664 ²
1667 623 1911 718 Itaque
1967 627 2265 724 Scythas
2339 630 2641 710 invictos

576 738 786 790 antea
817 772 839 806 ,
893 716 1013 811 qui
1057 715 1511 810 Zopyriona‚
1572 718 1959 797 Alexandri
2011 728 2269 823 Magni
2317 729 2579 805 ducem
2607 789 2632 822 ‚

573 839 735 888 cum
782 813 1071 911 triginta
1125 814 1431 887 millibus
1490 836 1911 893 armatorum
1982 821 2452 917 deleverant3
2515 833 2641 927 qui

570 918 828 1009 Cyrum
858 962 885 1000 ‚
952 909 1310 984 Persarum
1355 937 1654 1010 regem,
1732 940 1892 990 cum
1944 919 2268 997 ducentis
2329 926 2639 1004 millibus

565 1010 1131 1096 trucidaverant3
1179 1011 1300 1105 qui
1330 1012 1769 1107 Philippum,
1819 1019 2302 1094 Macedonum
2337 1047 2638 1120 regem,

564 1110 988 1206 fugaverant
1018 1160 1040 1195 ,
1088 1107 1373 1202 ingenti
1408 1110 1753 1184 felicitate
1804 1117 2231 1209 perdomuit.
2307 1128 2335 1180 3
2364 1122 2641 1200 Λυδίης

563 1209 785 1305 igitur
812 1207 1118 1295 viribu2‚
1167 1207 1474 1282 Pontum
1501 1232 1813 1306 quoque,
1864 1235 1951 1286 ac
1981 1215 2317 1313 deinceps
2353 1222 2633 1317 Cappa·

561 1306 846 1380 dociam
897 1306 1299 1401 occupavit.
1373 1310 1609 1381 *Cum
1665 1307 1757 1382 de
1800 1309 1961 1384 Asia
1996 1313 2326 1390 tractaret
2361 1371 2384 1407 ,
2459 1325 2639 1395 taci-

560 1423 675 1478 tus
713 1428 874 1478 cum
902 1401 1313 1499 quibusdam
1342 1406 1586 1479 amicis
1615 1429 1839 1502 regno
1880 1410 2231 1504 profectus
2261 1471 2283 1505 ‚
2344 1418 2632 1493 univer-

557 1503 702 1577 sam
736 1502 1017 1577 nemine
1052 1501 1315 1574 sciente
1350 1522 1776 1598 pervagatus
1817 1506 1954 1598 est,
2008 1513 2469 1609 omniumque
2512 1539 2626 1588 ur-

559 1604 755 1677 bium
795 1600 993 1674 situm
1025 1621 1110 1670 ac
1154 1600 1482 1695 regiones
1529 1605 1908 1697 cognovit:
1963 1614 1989 1659 ⁵
2029 1608 2207 1682 Inde
2258 1613 2331 1684 in
2377 1613 2628 1711 Bithy-

554 1703 745 1772 niam
781 1694 1207 1772 transcendit
1237 1748 1266 1786 ,
1330 1695 1408 1770 <Sc
1450 1696 1636 1795 quasi
1687 1700 2015 1777 dominus
2054 1705 2259 1781 Asiae
2290 1762 2320 1800 ,
2362 1733 2624 1807 oppor-

551 1817 720 1869 tuna
750 1815 1063 1892 quaeque
1093 1791 1434 1871 victoriae
1464 1798 1624 1871 suae
1661 1818 1967 1875 metatus
2008 1802 2130 1877 est.
2188 1807 2220 1851 ⁶
2245 1805 2411 1880 Post
2443 1811 2623 1886 haec

450 1955 456 1962 .
551 1895 627 1967 in
674 1915 968 1993 regnum
1012 1945 1034 1979 ,
1103 1914 1263 1964 cum
1308 1896 1459 1991 Jam
1504 1893 1752 1991 perisse
1790 1899 2193 1976 crederetur
2223 1957 2248 1994 ,
2300 1908 2623 1982 reversus

549 1992 690 2082 est,
739 1994 1031 2065 invento
1064 1993 1356 2083 parvulo
1382 1993 1527 2066 filio
1555 2047 1577 2083 ,
1628 2016 1836 2087 quem
1871 2021 1995 2091 per
2038 2003 2418 2077 absentiam
2470 2007 2623 2101 ejus

550 2091 867 2166 Laodice
925 2087 1124 2163 soror
1176 2111 1491 2189 uxorque
1549 2091 1755 2175 enixa
1814 2093 2068 2175 fuerat.
2163 2102 2362 2195 {Sed
2429 2104 2622 2179 inter

2461 2225 2620 2299 ΕΓΒ·

543 2369 687 2417 Unde
724 2368 998 2427 Xenophon
1044 2366 1126 2417 lib.
1164 2379 1206 2415 1.
1267 2365 1540 2429 Cyripaed.
1615 2370 1692 2422 nis
1729 2384 1974 2436 excerpta.
2002 2375 2255 2426 Romans.

543 2432 909 2490 venationem,
962 2433 1247 2478 verissimam
1306 2433 1399 2479 effe
1457 2447 1536 2484 re·
1677 2439 1949 2502 Sepyriona]
1997 2441 2073 2486 De
2122 2453 2221 2498 quo
2265 2439 2400 2501 supr.
2426 2454 2521 2491 xit.
2554 2456 2609 2494 2.

541 2507 652 2542 rum
748 2494 1037 2541 bellicarum
1121 2495 1532 2544 exercitationem
1619 2499 1696 2547 16.
1733 2501 1953 2550 Brumae.

530 2556 770 2603 ostendit.
814 2557 890 2603 De
931 2552 1147 2611 Traiano
1206 2555 1383 2609 Plinius
1447 2559 1532 2606 Pa·
1668 2564 1958 2629 Philippum]
2003 2564 2190 2615 Auctor
2221 2565 2326 2624 ipse
2363 2566 2449 2615 fibi
2485 2580 2610 2616 con·

500 2631 702 2677 -negyn
750 2628 857 2676 cap.
881 2622 957 2666 81.
1002 2622 1118 2665 Olim
1156 2620 1262 2665 haec
1307 2623 1532 2680 expen‘en-
1608 2626 1782 2675 trarius
1815 2630 1906 2676 effe
1939 2628 2133 2676 videtur
2170 2629 2297 2688 supr.
2335 2642 2409 2678 ix.
2449 2644 2493 2675 2.
2529 2643 2609 2691 ¹4-

530 2685 601 2735 κὶα
639 2683 888 2739 juventutis
920 2715 938 2739 ‚
982 2683 1087 2727 baec
1139 2683 1336 2741 voluptas
1384 2695 1485 2731 erat
1513 2719 1532 2744 ‚
1608 2685 1760 2738 IDEM.
1790 2691 1991 2739 Rectius
2027 2692 2106 2738 liic
2136 2693 2197 2739 de
2239 2691 2394 2739 Dario
2433 2693 2610 2750 Hysta-

531 2747 599 2791 bis
630 2745 804 2789 artibus
828 2742 991 2804 futuri
1031 2745 1156 2790 duces
1188 2747 1521 2795 imbuebantur-2
1608 2748 1703 2806 spis
1753 2753 1955 2801 dixiss'ct.
2000 2755 2129 2802 hunc
2174 2755 2303 2802 enim
2348 2768 2375 2801 a
2410 2757 2607 2812 Scythis

530 2818 703 2864 certare
740 2821 833 2852 cum
851 2805 1223 2868 fiegace‘busfert‘s
1241 2809 1402 2868 carsit,
1432 2827 1528 2858 curn
1604 2810 1817 2872 fugatum
1866 2816 2070 2864 constat.
2138 2821 2203 2865 At
2251 2818 2313 2865 de
2366 2819 2604 2876 Philippo

527 2872 767 2919 audacibus
800 2872 950 2918 robore
979 2904 997 2929 ,
1047 2885 1140 2916 cum
1177 2871 1349 2918 callidis
1390 2872 1524 2934 astu,
1603 2874 1708 2933 ipse
1758 2877 1929 2927 auctor
1978 2879 2120 2937 supra
2167 2893 2301 2928 tx.2.
2340 2891 2414 2939 14·
2462 2882 2604 2930 aliud

526 2936 619 2983 διο.
672 2932 932 2992 Addcndi‚
993 2934 1129 2981 Plato
1169 2945 1271 2981 non
1307 2947 1407 2981 uno
1447 2939 1523 2983 lo·
1599 2939 1831 2996 prodidit.
1886 2944 2071 2990 Vonsr.
2117 2943 2267 2990 Notat
2309 2943 2603 2991 Ber-necce-

526 3010 627 3057 c0,
676 2996 946 3056 praecipue
997 2997 1080 3045 lib.
1118 3008 1206 3044 vn.
1252 2998 1314 3044 de
1353 2999 1519 3057 Legib.
1598 3012 1715 3061 rus,
1746 3003 1906 3052 videri
1952 3004 2204 3052 auctorem
2234 3006 2482 3053 contraria
2520 3008 2605 3055 di-

520 3060 808 3108 Aristoteles
857 3058 1047 3108 Politic.
1101 3069 1141 3105 ῐ.
1185 3070 1229 3111 5.
1276 3061 1517 3109 Plutarchi
1595 3075 1710 3111 cere
1748 3065 1889 3124 snpra
1923 3080 1993 3114 rx.
2017 3082 2061 3114 α.
2085 3079 2158 3126 14·
2185 3069 2305 3117 Inde
2341 3069 2422 3116 Cl.
2463 3071 2600 3117 Vor-

520 3124 764 3170 sertorius
790 3136 899 3181 cap.
921 3135 993 3181 ¹9·
1024 3119 1257 3179 vegetius
1279 3134 1320 3168 1.
1341 3135 1383 3178 7.
1416 3124 1514 3172 Dio
1591 3126 1705 3175 stius
1743 3129 1921 3177 rectius
1948 3130 2147 3178 Darium
2183 3131 2429 3190 Hystaspis
2472 3143 2600 3180 cen-

514 3186 887 3244 Cbrysostomus
921 3187 1053 3233 Orat.
1075 3195 1180 3231 ιιι.
1208 3184 1270 3229 dc
1303 3184 1512 3246 Regno,
1592 3187 1664 3240 set
1716 3191 1896 3241 dixiss'e.
1939 3194 2061 3240 Mihi
2098 3206 2261 3241 tamen
2298 3194 2365 3242 nil
2403 3207 2601 3243 mutan-

519 3251 607 3298 sub
654 3249 820 3297 finem.
885 3250 1060 3296 Pollux
1104 3246 1308 3294 Praefat.
1339 3248 1425 3296 lib.
1459 3262 1512 3297 v·
1593 3252 1711 3299 dum
1745 3256 1953 3304 videtur.
1996 3256 2178 3314 Liquet
2202 3257 2329 3304 enim
2368 3270 2430 3304 cx
2471 3272 2594 3306 orn-

516 3314 744 3360 BERNac.
1589 3314 1728 3362 tione
1758 3318 2074 3377 Mithridatis,
2103 3332 2248 3377 quam
2281 3320 2423 3377 ipflus
2456 3320 2594 3367 Tro·

583 3378 775 3424 Vz'rtutfs
815 3371 1120 3436 patientiam]
1185 3368 1317 3422 Mira
1369 3376 1511 3422 locu·
1551 3378 1632 3435 .gl
1683 3381 1847 3427 verbis
1901 3382 2067 3427 noster
2100 3381 2256 3430 adfert
2292 3385 2340 3428 ln
2369 3382 2584 3440 sequen·

519 3440 620 3499 tio,
667 3439 845 3486 etiamn
888 3441 1098 3485 virtutem
1138 3446 1230 3493 pro
1269 3436 1513 3485 fortitudi-
1587 3440 1755 3501 tibus,
1780 3442 1953 3500 suili'e,
2002 3442 2083 3502 qui
2124 3446 2170 3491 ἀ
2204 3444 2405 3492 Darium
2441 3445 2584 3503 suga-

516 3516 581 3557 nc
621 3501 853 3560 accipias.
898 3503 976 3547 An
1018 3500 1273 3557 enimpem'
1302 3502 1511 3548 virtutem
1587 3513 1688 3550 tum
1744 3519 1769 3552 a
1822 3505 2006 3564 scythis
2066 3506 2353 3556 scriberent.
2413 3509 2592 3564 Verba

516 3565 652 3612 redte
704 3564 948 3612 dicimur?
1009 3562 1136 3620 Ergo
1182 3572 1396 3620 vercor,
1443 3577 1507 3610 ne
1585 3569 1716 3612 clara
1754 3568 1861 3615 sunt
1898 3570 2216 3616 lib.xxxv1u.
2242 3584 2351 3628 cap.
2373 3582 2418 3626 7.
2474 3574 2586 3632 Scy-

512 3640 579 3680 ex
620 3628 776 3684 'glossa
808 3630 902 3674 boc
937 3628 1121 3675 virtutis
1172 3622 1425 3682 irrepserit
1455 3627 1507 3674 in
1581 3631 1720 3675 thiana
1766 3631 1870 3679 dnos
1903 3648 2091 3693 rmqmtn
2124 3645 2227 3678 ante
2250 3634 2301 3692 fi
2338 3649 2456 3694 reges
2493 3652 2591 3683 nen

514 3700 720 3737 textum.
749 3691 953 3736 SCHEFF.
1569 3702 1741 3751 pacare
1760 3727 1775 3751 ‚
1793 3696 1876 3753 fid
1905 3708 2077 3740 temtum
2098 3698 2276 3743 Intrare
2288 3697 2412 3753 ausbs
2429 3730 2446 3747 ..
2475 3699 2590 3743 Da-

575 3753 696 3798 CAP.
724 3752 805 3797 111.
840 3765 881 3798 2.
919 3754 1078 3816 Itaque
1128 3751 1342 3821 Scythas]
1375 3755 1500 3801 Stra·
1578 3758 1695 3801 ritem
1730 3757 1780 3804 ὁ*
1813 3760 2061 3817 Philippum
2080 3792 2096 3815 ‚
2123 3775 2252 3821 aegre
2276 3759 2380 3805 inde
2404 3760 2586 3822 fuga-

456 3822 463 3830 ·
506 3816 572 3862 bo
623 3812 704 3858 lib.
741 3826 831 3859 vn.
871 3814 1005 3861 ldcm
1053 3814 1136 3861 lib.
1166 3829 1205 3862 1.
1241 3817 1285 3862 δι
1320 3828 1391 3864 11.
1420 3828 1498 3861 re·
1563 3818 1656 3877 sthi
1682 3820 1902 3880 eapedsffi.
1933 3823 2132 3868 Scituri-⁹.

503 3879 600 3925 fert
625 3873 955 3922 Mithridatem
983 3879 1110 3923 hunc
1130 3911 1146 3936 ‚
1182 3879 1414 3925 barbaros
1435 3876 1497 3923 ad
1639 3893 1687 3940 4.
1718 3885 1822 3928 Cum
1858 3885 2111 3944 quibusdam
2140 3885 2291 3930 amicis
2311 3900 2445 3943 ragno
2470 3895 2592 3944 pre-

504 3938 810 3988 maeotidem
850 3940 1080 3990 paludem
1101 3972 1118 3993 ,
1150 3942 1192 3985 &
1226 3942 1337 3988 inde
1373 3940 1494 3986 Col·
1557 3941 1742 4006 feam]
1789 3948 1988 4014 Juntae:
2023 3963 2218 4006 aregno.
2239 3947 2422 3994 Forsan
2443 3962 2591 4013 eng·-

451 4046 456 4053 .
502 4008 617 4061 elios
636 4012 789 4061 usquc
828 3998 1071 4049 devicisse.
1101 4002 1225 4052 Vide
1260 4005 1491 4055 Memno·
1568 4021 1640 4056 no.
1679 4008 1775 4058 Sed
1808 4009 1927 4059 nihil
1962 4019 2116 4062 mute.
2145 4011 2345 4060 (ἔων.
2419 4074 2446 4122 8
2491 4067 2535 4118 F

2453 4103 2466 4121 ο
2523 4083 2591 4121 .-
