2894 4823
933 328 2204 429 PRAEFATIO.

526 540 603 631 ἦ
659 522 821 610 dem
861 522 1273 636 Bongarfii
1343 536 1581 636 atque
1632 524 2030 634 Francisci
2092 523 2352 611 Modii
2389 539 2620 611 notae

528 681 602 742 ·,,
664 637 1032 750 quaedam
1091 634 1401 744 exstant
1451 699 1481 740 ,
1550 642 1761 748 queis
1816 638 2326 748 Prologorum
2359 652 2613 747 pauca

547 809 613 855 ‚,
665 752 826 836 loca
860 743 1310 857 conjelturis
1352 744 1939 856 resarciuntur,
2017 748 2130 853 ἐφ’
2147 748 2347 859 sane
2381 775 2613 861 quae,-

532 906 611 967 2„
664 860 839 947 dam
863 856 1011 971 sat
1045 857 1399 968 feliciter
1415 884 1450 955 ;
1521 861 1689 946 alia
1727 858 2205 971 inauspicato
2228 921 2257 964 ‚
2309 865 2433 947 ita
2487 877 2614 946 ta-

546 1031 607 1078 „
660 999 825 1058 men
880 987 972 1057 ut
1029 973 1292 1057 multo.
1325 973 1567 1081 plura
1624 972 1844 1084 quasi
1895 974 2349 1084 deplorata,
2404 976 2621 1059 inta-

538 1143 608 1188 -‚,
653 1081 781 1170 [ia
836 1088 1593 1194 praetermittantur
1627 1110 1661 1179 ;
1733 1086 1990 1197 sicque
2056 1085 2363 1170 erudito
2424 1087 2622 1171 Viro

538 1256 610 1302 >m
665 1212 912 1283 totum
951 1195 1447 1304 restaurandi
1480 1201 1891 1306 provincia
1924 1195 2287 1283 devoluta
2313 1226 2346 1280 ‹.·
2420 1196 2623 1309 quod

544 1366 607 1414 2,
665 1314 730 1395 is
764 1314 1088 1394 naviter
1126 1304 1584 1420 exsequutus
1619 1309 1745 1416 est.
1815 1308 2336 1418 Observatum
2374 1326 2620 1419 porro

550 1479 613 1526 ,,
672 1423 899 1506 velim
934 1445 1064 1506 nos
1101 1425 1182 1506 in
1219 1420 1773 1529 Bongarfianis
1823 1426 2023 1507 notis
2058 1422 2170 1507 ad
2205 1422 2621 1531 Prologum

513 1591 614 1643 2,
670 1534 859 1620 libri
929 1535 1122 1618 VII.
1199 1530 1678 1630 conieHurae
1730 1534 2053 1644 eJ'usdem
2093 1532 2547 1643 suffragari
2579 1591 2618 1632 ‚

551 1703 613 1749 „
676 1672 833 1761 qua
878 1646 1326 1756 ‚lllyrimum
1399 1643 1484 1727 &
1539 1644 1940 1733 Poeonum
2005 1647 2183 1730 vult
2241 1646 2458 1755 legi,¹
2490 1645 2627 1729 ubi

552 1817 616 1862 9,
672 1759 914 1843 MSS.
980 1755 1286 1870 quidam
1321 1757 1711 1863 Poenum,
1794 1760 1940 1845 alii
1993 1758 2431 1843 Poenorum
2479 1756 2624 1842 ha-

556 1929 618 1975 „
673 1870 953 1957 bebant
987 1934 1017 1976 ,
1092 1868 1206 1974 ἐξ
1258 1868 1372 1956 ad
1429 1872 1841 1980 Prologum
1897 1871 2088 1957 libri
2156 1871 2394 1956 VIII.
2455 1896 2493 1954 e
2530 1896 2628 1954 re

551 2040 613 2086 ,,
657 2000 808 2093 pro
842 1980 1086 2066 eleeto
1128 1981 1398 2094 Aryba
1420 2045 1445 2087 ‚
1504 1980 1980 2093 conjectatur
2030 1982 2413 2093 legendum
2471 1989 2625 2085 eje-

548 2148 610 2197 „
666 2094 796 2178 (5ὶο
855 2093 919 2176 ‘'.
982 2087 1381 2180 Hastenus
1451 2096 2115 2201 Montefalconius.
2237 2094 2383 2183 Ad
2439 2092 2629 2179 haec

549 2207 888 2293 mihimet
944 2206 1086 2316 ipfi
1132 2206 1489 2317 quosdam
1521 2209 2054 2317 Prologorum
2125 2207 2369 2317 Trogi
2403 2209 2625 2291 Pom-

549 2321 711 2433 peji·
736 2318 1079 2429 scriptos
1134 2319 1406 2406 codices
1470 2322 1740 2405 videre
1798 2325 2117 2430 contigit
2143 2380 2171 2424 ‚
2235 2337 2409 2426 tres
2453 2323 2590 2428 qui
2600 2360 2625 2378 -

553 2433 720 2517 dem
762 2433 1232 2540 Anglicanos
1268 2493 1294 2531 ‚
1355 2430 1468 2532 &³
1502 2448 1843 2545 quatuor
1889 2431 2285 2540 Leidenses
2323 2429 2627 2541 Justini

555 2544 781 2629 libris
817 2544 1193 2644 adnexos,
1235 2541 1347 2645 &³
1374 2559 1708 2653 praeter
1741 2543 1870 2629 bos
1903 2550 2252 2655 quintum
2277 2602 2302 2644 ,
2337 2550 2472 2654 qui
2494 2539 2623 2653 Je-

548 2658 908 2768 paratim
946 2651 1370 2763 compallus
1408 2672 1615 2741 erat.
1718 2656 1949 2740 Inter
2004 2655 2133 2742 hos
2166 2661 2623 2766 praecipuus

552 2784 740 2852 erat
775 2766 1227 2852 chartaceus
1278 2768 1510 2852 codex
1548 2824 1577 2867 ,
1632 2772 1767 2888 qui
1833 2769 1950 2854 Cl.
1993 2771 2393 2855 Perizonii
2448 2770 2622 2852 olim

551 2880 716 2986 fuit
739 2909 768 2962 .·
800 2880 1060 2987 plures
1110 2902 1303 2964 vero
1342 2878 1614 2964 horum
1666 2881 2172 2990 Prologorum
2209 2897 2238 2983 ,'
2307 2903 2434 2963 nec
2477 2905 2625 2965 non

557 2989 864 3099 Justini
897 2990 1170 3074 codices
1203 3006 1366 3075 tum
1403 2997 1486 3076 in
1546 2995 1839 3078 Diario
1876 2994 2161 3078 Italico
2179 3050 2208 3093 ‚
2277 3007 2440 3075 tum
2475 3007 2627 3101 per

557 3105 881 3189 litteras
898 3100 1082 3188 mihi
1103 3103 1484 3190 indicavit
1522 3105 1723 3190 Rev.
1751 3107 1860 3189 D.
1905 3106 2370 3190 Bernardus
2391 3103 2623 3188 lilon-

559 3215 1010 3317 tesalconius
1028 3272 1053 3317 ‚
1080 3240 1261 3327 quos
1258 3215 1341 3324 fi
1350 3244 1683 3328 unquam
1701 3215 2061 3327 inspicere
2080 3275 2109 3318 ,
2128 3232 2364 3328 atque
2380 3214 2622 3322 adyta

560 3324 987 3426 Musarum
1007 3384 1033 3426 ‚
1055 3331 1135 3410 in
1153 3328 1421 3440 quibus
1436 3326 2018 3438 adservantur,
2036 3328 2261 3414 adire
2275 3325 2621 3434 fortuna

558 3438 743 3524 mihi
783 3439 1085 3524 dederit
1107 3501 1133 3541 ‚
1206 3443 1287 3523 in
1329 3441 1587 3526 iisdem
1632 3442 2099 3528 excutiendis
2155 3466 2268 3523 me
2310 3438 2622 3546 diligen-

556 3569 708 3635 tem
732 3550 919 3654 fore
958 3555 1042 3635 in
1072 3549 1463 3660 praesenti
1501 3558 1887 3663 promitto.
2014 3552 2366 3662 Denique
2406 3548 2620 3633 Indi-

558 3689 710 3746 cem
779 3661 1479 3749 Freinshemianum
1546 3666 1807 3749 multis
1883 3666 2247 3774 partibus
2310 3656 2622 3746 nullum

559 3773 734 3860 huic
770 3775 1083 3859 editioni
1123 3775 1477 3883 adjunxi.
1599 3781 1955 3861 Ceterum
2024 3778 2135 3861 Te
2155 3834 2184 3878 ,
2246 3775 2625 3861 Benevole

562 3881 860 3974 Lestor
882 3945 911 3988 ‚
948 3911 1134 3994 rogo
1160 3947 1183 3989 ,
1222 3903 1311 3969 ut
1344 3887 1729 4000 postquam
1771 3885 1965 3971 hanc
2016 3889 2407 3973 editionem
2448 3913 2622 3972 exe-

553 4004 769 4109 geris
794 4059 821 4106 ‚
863 4024 1186 4109 aequum
1221 3997 1312 4087 dc
1346 4025 1460 4089 me
1482 4002 1854 4111 judicium
1866 3999 2150 4112 serus,
2198 3997 2310 4105 &²
2333 4016 2635 4118 quanto

562 4131 595 4170 0
2407 4126 2628 4221 opere
