2894 4823
579 161 718 254 378
1246 156 1968 254 Jusrrnr

685 332 884 406 Car.
933 331 1026 404 II.
1080 340 1104 374 ¹
1158 331 1335 405 Cum
1370 331 1660 406 interim
1693 332 2099 431 Antigonus
2133 357 2292 409 cum
2320 338 2617 412 exercitu

586 430 1032 529 supervenit,
1079 427 1445 527 castrisque
1484 427 1764 525 pofitis,
1811 430 2090 527 postera
2132 432 2250 507 die
2296 433 2369 506 in
2405 436 2618 509 aciem

591 528 943 627 procedit.
1043 540 1072 574 ²
1115 527 1281 602 Nec
1345 529 1701 603 Eumenes
1762 551 2033 605 moram
2096 532 2362 627 praelio
2403 532 2620 622 fecit;

589 627 714 726 qui
765 626 1038 716 νίξὶυε,
1085 626 1157 700 in
1209 627 1576 700 munitum-
1606 627 1958 724 quoddam
2005 628 2362 703 castellum
2387 629 2625 705 confu-

587 726 739 823 git:
791 733 820 785 3
866 723 989 796 ubi
1029 747 1189 797 cum
1233 723 1609 800 videret'se
1650 723 2006 801 fortunam
2032 726 2412 803 obsidionis
2452 729 2624 803 subi-

589 841 822 898 turum
845 873 872 912 ‚
920 820 1265 917 majorem
1305 825 1653 898 exercitus
1693 842 1968 920 partem
2007 822 2263 902 dimifit
2290 881 2313 914 ,
2373 850 2465 900 ne
2511 844 2626 899 aut

590 920 930 995 consensu
970 919 1439 994 multitudinis
1486 920 1663 998 hosti
1718 924 2154 1013 traderetur,
2202 941 2322 996 aut
2370 921 2626 1004 obsidio

591 1020 619 1095 i
670 1018 742 1092 sa
783 1015 1241 1092 multitudine
1287 1041 1717 1115 gravaretur.
1818 1032 1854 1077 ⁴
1900 1023 2207 1120 Legatos
2252 1020 2503 1096 deinde
2546 1022 2627 1095 ad

592 1041 1090 1213 Xntipatrum,
1141 1118 1260 1213 qui
1297 1117 1478 1191 solus
1508 1141 1632 1213 par
1666 1118 2012 1216 Antigoni
2055 1117 2315 1192 viribus
2347 1119 2623 1194 videba-

591 1232 709 1289 tur
737 1269 760 1302 ,
827 1213 1169 1311 supplices
1220 1216 1494 1288 mittit:
1557 1239 1598 1287 a
1643 1239 1784 1312 quo
1833 1239 1994 1289 cum
2037 1215 2295 1294 auxilia
2343 1217 2627 1293 Eumeni

593 1311 789 1386 miffa
825 1313 1245 1411 'Antigonus
1308 1310 1655 1391 didiciffet
1687 1366 1709 1403 ‚
1784 1315 1871 1389 ab
1938 1312 2297 1388 obfidione
2347 1313 2626 1389 receffit.

593 1418 620 1464 5
664 1412 833 1484 Erat
862 1411 1142 1507 quidem
1178 1410 1436 1484 solutus
1465 1410 1556 1485 ad
1585 1430 1859 1506 tempus
1886 1429 2083 1486 metu
2112 1415 2360 1486 mortis
2387 1415 2629 1487 Eume·

595 1532 760 1584 nes:
809 1509 924 1582 sed
976 1531 1111 1582 nec
1152 1508 1424 1598 salutis,
1471 1507 1745 1585 dimiss‘o
1791 1509 2146 1599 exercitu,
2191 1534 2453 1609 magna
2488 1512 2634 1606 spes

596 1626 771 1681 erat.
868 1605 899 1650 ⁶
945 1607 1205 1678 Omnia
1243 1607 1461 1702 igitur
1513 1607 2102 1701 circumspicienti
2148 1610 2495 1703 optimum
2532 1608 2630 1680 vi-

599 1704 749 1779 sum
800 1702 945 1794 est,
992 1702 1083 1775 ad
1136 1704 1524 1778 Alexandri
1564 1701 1697 1778 Ma
1754 1705 1827 1778 ni
1867 1703 2413 1803 Argyraspidas,
2461 1705 2628 1780 invi·

603 1802 792 1877 &um
843 1805 1279 1893 exercitum,
1327 1799 1405 1875 &
1460 1821 1573 1877 tot
1605 1802 1685 1876 vi
1758 1803 2054 1878 oriarum
2085 1803 2630 1901 praefulgentem

654 1900 825 1973 loria
860 1952 887 1990 ,
961 1898 1357 1973 decurrere.
1485 1907 1519 1958 7
1580 1901 1719 1974 Sed
1778 1901 2288 2000 Argyraspides
2345 1900 2493 2001 post
2537 1905 2627 1973 A·

600 1927 1010 2078 {xandrum
1040 2020 1283 2074 omnes
1312 1998 1526 2073 duces
1552 1996 1995 2074 fastidiebant
2014 2054 2037 2087 ,
2085 1999 2429 2074 sordidam
2456 1999 2629 2071 mili·

603 2097 777 2170 tiam
839 2094 963 2170 sub
1012 2094 1161 2169 aliis
1187 2148 1214 2187 ‚
1266 2095 1424 2192 post
1473 2096 1653 2171 tanti
1696 2097 1881 2195 regis
1912 2098 2368 2189 memoriam,
2416 2095 2628 2171 existi·

599 2216 894 2270 mantes.
1012 2190 1040 2238 ⁸
1104 2195 1354 2289 ltaque
1414 2195 1763 2269 Eumenes
1833 2195 2337 2277 blandimentis
2382 2219 2580 2292 agere
2609 2247 2632 2281 ,

600 2293 998 2392 suppliciter
1040 2291 1340 2391 fingulos
1378 2291 1698 2394 adloqui,
1746 2315 1935 2371 nunc
1965 2296 2436 2372 commilitones·
2448 2292 2630 2398 suos,

2462 2413 2633 2466 nunc

600 2587 742 2636 rem,
789 2574 835 2622 δε
866 2570 966 2629 inm
1001 2571 1247 2621 amicitiae
1287 2570 1584 2620 renuntiatu-

601 2650 713 2687 rum
759 2635 924 2693 aliquo
958 2635 1103 2682 officii
1144 2648 1326 2694 genere
1365 2633 1481 2682 mihi
1512 2646 1591 2682 re·

604 2698 837 2749 concilio.
870 2696 984 2745 vide
1019 2709 1158 2745 notas
1186 2710 1337 2746 meas.
1395 2698 1590 2747 Praete-

600 2776 688 2811 rea
724 2759 810 2821 qui
844 2771 1039 2821 poterat
1083 2763 1204 2808 baec
1230 2773 1332 2809 vox
1371 2759 1420 2807 in
1455 2772 1590 2807 men·

602 2837 706 2874 tem
753 2827 928 2871 venire
977 2823 1246 2872 editoribus
1298 2822 1462 2882 Italis,
1508 2822 1591 2871 niti

604 2900 715 2937 eam
745 2886 796 2935 in
827 2885 1028 2945 optimis
1064 2884 1161 2934 suis
1194 2886 1487 2935 membranis
1522 2885 1597 2934 in-

606 2950 855 3000 veniffent.
884 2951 1008 2997 Sane
1042 2950 1073 2997 fl
1105 2950 1152 2995 in
1184 2944 1243 2996 iis
1270 2947 1455 2997 lectum
1478 2948 1595 2996 fuis·

606 3017 680 3065 set
731 3014 947 3061 desernit
978 3045 998 3073 ,
1053 3024 1300 3070 nunquam
1344 3010 1592 3071 repudias·
1643 3022 1650 3031 ’

607 3079 730 3129 sent.
765 3077 964 3123 (ἴων.

670 3140 794 3188 Car.
837 3140 891 3186 ΙΙ.
939 3149 988 3184 2.
1035 3136 1131 3198 Qui
1185 3132 1380 3197 vtem]
1424 3135 1592 3193 Longe

608 3202 823 3269 melius,
850 3198 1087 3261 opinione
1142 3209 1252 3246 mea
1269 3232 1288 3260 ,
1314 3214 1397 3260 quo
1436 3200 1592 3246 σίδαι.

600 3269 803 3316 Senem

668 3329 817 3377 erns
849 3329 900 3374 ι’»
938 3328 1153 3373 munituna
1186 3323 1398 3388 quodda-
1442 3320 1592 3381 castel-

606 3391 736 3455 lum]
783 3388 954 3437 Vistus
997 3387 1279 3447 proditione
1331 3385 1593 3444 Apolloni-

602 3456 696 3502 dae
767 3453 1012 3500 Eumenes
1052 3485 1070 3509 ,
1112 3452 1285 3498 Noram
1335 3447 1550 3509 confugit
1576 3481 1595 3507 ‚

604 3518 738 3575 quod
790 3515 858 3564 est
912 3514 1156 3562 castellum
1210 3514 1442 3570 Phrygiae
1479 3545 1498 3572 ,
1541 3522 1597 3559 nt

608 3578 998 3634 Prob1183fitum
1048 3577 1096 3623 in
1148 3573 1499 3636 Cappadociae
1550 3575 1596 3622 δι

607 3638 886 3698 Lycaoniae
942 3638 1119 3687 finibus
1150 3673 1167 3699 ‚
1210 3652 1262 3687 ut
1315 3638 1598 3686 Plutarchus

605 3703 748 3751 Eum.
777 3712 887 3759 cap.
918 3703 991 3749 18.
1017 3700 1272 3749 Bowcaas.
1303 3702 1476 3749 Strabo
1505 3698 1592 3748 lib.

1664 2584 1772 2621 rum
1800 2574 1945 2622 xvm.
1969 2576 2052 2634 48.
2080 2574 2309 2626 Bmmtc.

1727 2649 1776 2697 4.
1807 2637 1937 2698 Quod
1972 2638 2090 2695 fitur
2119 2650 2215 2699 par
2255 2635 2515 2703 Antigono]
2539 2636 2628 2683 An·

1664 2698 1766 2757 gli,
1792 2702 1870 2760 qni
1895 2699 2028 2758 filus.
2093 2702 2260 2748 Probo
2282 2737 2299 2761 ,
2327 2704 2373 2750 fit
2406 2703 2629 2758 vulgatum

1664 2761 1777 2824 qnod
1803 2762 1962 2809 babeo
1994 2774 2085 2819 pro
2114 2765 2414 2820 gloss’emate.
2447 2767 2628 2811 Scrmrr-

1725 2825 1919 2871 Auxilia
1953 2826 2142 2874 Ermem‘
2210 2828 2487 2877 Plutarchus
2502 2858 2519 2883 ‚
2542 2825 2629 2869 An·

1666 2885 1835 2944 tigono
1879 2887 2065 2935 Noram
2113 2902 2144 2938 o
2180 2891 2398 2952 fidente,
2427 2890 2521 2937 vita
2558 2895 2642 2957 exg

1667 2949 1839 2997 cessiffe
1886 2951 2197 3010 Antipatrum
2230 2954 2460 3013 testatur,
2487 2949 2636 3016 ali-am*

1701 3024 1763 3059 ue
1826 3013 1894 3060 ob
1942 3013 2132 3062 causam
2166 3016 2298 3066 hanc
2325 3015 2457 3065 suiss‘e
2491 3006 2637 3061 dimls⁴

1692 3087 1767 3123 :un
1802 3075 2123 3124 obsidionem.
2150 3080 2302 3126 luem.

1731 3137 1777 3185 6.
1806 3139 2025 3198 optinum
2053 3138 2192 3198 vil)-
2228 3139 2334 3204 est]
2360 3142 2404 3204 J.
2431 3135 2642 3187 Prieneus

1669 3200 1731 3248 ad
1771 3201 1975 3260 Apulei.
2008 3213 2052 3249 x.
2078 3203 2413 3263 Metamorpb.
2441 3212 2542 3259 pag.
2567 3206 2639 3252 37·

1667 3263 1784 3371 aegit
1823 3296 1842 3324 ,
1896 3268 2099 3325 opes-aun
2152 3265 2329 3329 fluam
2395 3264 2526 3323 vrjtitn·
2575 3254 2644 3316 οἱ,

1713 3337 1901 3374 Roxov.

1735 3390 1781 3437 8.
1825 3391 2136 3437 Committ‘tmes
2178 3389 2333 3456 βω]
2378 3382 2645 3441 Alexander

1669 3450 1774 3510 ipse
1828 3452 2031 3513 militum
2078 3452 2278 3501 suorum
2339 3455 2554 3500 almum
2599 3443 2650 3491 se·

1669 3516 2071 3576 communemque
2107 3517 2279 3571 dicere
2335 3510 2434 3563 non
2464 3511 2528 3559 est
2563 3519 2646 3554 ve·

1673 3576 1810 3624 titur.
1836 3578 1974 3625 Curt.
2035 3589 2101 3625 ut.
2169 3591 2215 3626 2.
2454 3575 2464 3585 ’

1672 3639 1926 3689 blanditias
1968 3639 2135 3688 tribuit
2175 3639 2434 3689 Suetonius
2461 3631 2650 3684 Cacsar}

1668 3712 1868 3758 quoque
1906 3702 1986 3756 67.
2022 3714 2067 3758 3.
2102 3703 2352 3751 &Galbae
2372 3714 2447 3750 20.
2477 3711 2510 3747 ι.
2544 3698 2652 3745 Nec

606 3778 698 3814 xn.
744 3774 843 3810 non
896 3764 1041 3821 longe
1091 3778 1119 3812 a
1169 3763 1324 3822 princ.
1361 3761 1592 3810 Eumenis
1663 3763 1824 3821 ipsum
1878 3766 2003 3813 adeo
2058 3766 2322 3826 Augustum
2355 3799 2374 3826 ,
2399 3768 2648 3819 antequam

603 3835 728 3879 hanc
754 3823 939 3874 Noram
993 3824 1079 3873 suo
1129 3837 1356 3887 tempore
1399 3824 1591 3883 Neruas:

1668 3825 1930 3884 imperium
1976 3829 2183 3887 adeptus
2234 3827 2348 3876 effer
2378 3859 2396 3886 ,
2425 3822 2482 3873 iis
2516 3816 2648 3875 ιδίῖἰ·

587 3898 692 3959 βω
738 3887 1035 3949 ερνοῑίιεωπ
1071 3886 1154 3938 ait.
1230 3890 1369 3939 Adde
1405 3887 1593 3949 Diodo-
1665 3884 1814 3941 nuiffe
1832 3923 1850 3951 ‚
1878 3900 2011 3950 patet
2047 3900 2110 3940 ex
2134 3888 2352 3961 Appiani
2384 3888 2468 3940 lib-
2512 3896 2572 3932 w·
2603 3881 2646 3937 Q.

2455 3961 2505 3999 v.
2525 3942 2646 3997 neth
