2894 4823
1004 312 2225 407 PRAEFATIO.

580 524 766 598 rent
791 570 818 613 ,
858 508 1146 594 diutius
1179 532 1408 617 quam
1441 505 1939 589 decreveram
1956 562 1984 606 ‚
2021 505 2371 591 detinuit.
2425 507 2639 616 Quo·

582 628 791 707 niam
864 646 1054 705 vero
1114 636 1234 703 tot
1274 614 1850 703 benevolentiae
1892 615 2132 724 officia
2193 618 2516 729 undique
2559 625 2642 703 in

582 762 699 818 me
732 734 1016 816 collata
1054 729 1408 841 agnofifo‚
1454 729 1890 840 gratiffimo
1939 729 2189 838 infixa
2237 736 2489 816 animo
2549 758 2640 815 ea

582 845 1038 956 conservare
1058 902 1083 944 ‚
1141 842 1254 945 &²
1290 841 1853 952 uberioreston
1904 845 1985 924 in
2025 846 2639 951 opportuniorem

583 957 1198 1042 commemorandi
1246 955 1478 1037 locum
1533 957 1852 1064 rejicere
1886 953 2340 1063 praestabit.
2456 956 2633 1039 Ita-

581 1097 728 1183 que
781 1092 972 1152 nunc
1030 1068 1147 1151 ad
1192 1066 1584 1170 Justinum
1639 1082 2044 1150 revertar.
2169 1066 2435 1151 Habes
2489 1070 2633 1177 igi-

580 1203 727 1267 tur
744 1239 770 1281 ‚
826 1180 1197 1265 Benevole
1242 1174 1523 1262 LeHor
1543 1237 1570 1276 ,
1609 1178 1908 1284 Justini
1939 1179 2636 1288 contextui-adjun-

578 1290 734 1379 [ἕως
766 1297 1104 1401 integros
1140 1297 1706 1397 commentarios
1750 1293 2118 1374 Virorum
2163 1284 2580 1375 DoHorum
2606 1349 2634 1393 ‚

580 1411 714 1515 qui
748 1404 1021 1487 duobus
1058 1407 1519 1508 praeteritis
1542 1400 1816 1510 seculis
1859 1402 2288 1511 diligentem
2324 1400 2631 1513 operam

571 1524 653 1601 in
691 1515 1083 1622 Justinum
1136 1515 1621 1599 contulerunt
1658 1574 1682 1614 ‚
1772 1538 2094 1625 quorum
2130 1514 2463 1598 ordinem
2500 1513 2633 1596 du-

574 1644 752 1711 ‘cunt
792 1628 1130 1732 Jacobus
1171 1624 1640 1736 Bongarstus
1668 1685 1700 1727 ‚
1776 1624 2225 1733 Franciscus
2265 1626 2626 1725 stadius,

574 1738 688 1842 &³
730 1737 1131 1820 Matthias
1176 1741 1729 1839 Berneccerus,
1800 1741 2012 1845 cujus
2036 1753 2302 1836 notas,
2358 1737 2629 1850 quibus

570 1852 907 1935 alteram
958 1852 1188 1957 suam
1240 1850 1633 1933 editionem
1688 1864 2042 1934 auxerat
2059 1865 2093 1951 ‚'
2139 1853 2219 1930 in
2252 1849 2446 1934 hanc
2477 1849 2630 1933 edi-

572 1968 845 2047 tionem
914 1966 1207 2074 conjeci.
1328 1960 1556 2070 Hisce
1629 1960 1989 2046 accedunt
2062 1956 2263 2071 Isaci
2329 1965 2413 2045 V
2401 1960 2561 2071 offii
2596 2018 2625 2062 ‚

570 2075 685 2176 ἐξ
754 2078 933 2158 Avi
1012 2080 1151 2157 mei
1233 2086 1530 2175 notae.‚
1610 2098 1801 2183 quas
1881 2073 2081 2155 libro
2117 2132 2143 2172 ,
2225 2100 2370 2185 quo
2451 2072 2624 2181 ustis

543 2189 771 2294 suit,
846 2185 1277 2296 adscriptas
1315 2185 1663 2295 singulas
1721 2185 2062 2294 excerpsi
2093 2211 2126 2280 ,·
2203 2186 2344 2293 etsi
2373 2186 2620 2295 pluri-

563 2322 728 2380 mas
774 2303 1318 2385 emendationes
1361 2293 2002 2406 Observationum
2043 2297 2264 2382 libris
2280 2324 2421 2380 non
2441 2314 2620 2381 tan-

562 2427 728 2496 tum
762 2408 1239 2519 inseruerat,
1261 2410 1412 2520 sed
1442 2408 1556 2511 ἐφ’
1594 2437 1756 2492 cum
1800 2408 2327 2522 laudatiffimis
2351 2414 2645 2510 Viris,

568 2526 922 2606 Graevio
942 2580 967 2620 ‚
995 2523 1255 2607 Fabro
1272 2587 1297 2624 ‚
1326 2524 1413 2602 V
1397 2521 1626 2628 otstio
1639 2581 1663 2621 ‚
1688 2521 1800 2624 &³
1821 2519 2197 2626 Scheffero
2209 2540 2351 2632 per
2367 2520 2621 2631 episto-

559 2634 719 2732 las,
767 2634 1032 2716 aliave
1088 2640 1394 2719 ratione
1415 2695 1438 2733 ‚
1480 2637 2175 2717 communicaverat
2213 2692 2242 2734 ‚
2297 2659 2619 2746 quorum

557 2748 874 2828 omnium
911 2760 1134 2829 notae
1179 2774 1332 2830 una
1373 2772 1535 2828 cum
1587 2750 1972 2855 excerptis
2004 2745 2624 2830 adnotationibus

557 2856 648 2962 J.
710 2858 982 2939 Loriti
1037 2860 1422 2942 Glareani
1439 2916 1467 2959 ‚
1541 2875 1778 2969 atque
1835 2858 2189 2941 Editoris
2241 2860 2619 2942 Oxonien·

530 2969 646 3080 fis
664 3030 687 3067 ‚
726 2996 780 3051 a
807 2973 1161 3053 Graevio
1183 2970 1291 3073 &⁹
1315 2967 1695 3075 Scheffero
1731 2973 1813 3053 in
1852 2973 2063 3052 curis
2073 3007 2080 3020 ι
2079 2969 2427 3077 secundis
2439 2969 2613 3077 sae·

549 3084 725 3191 pius
774 3081 1122 3182 laudati,
1189 3086 1584 3167 contextui
1618 3107 1904 3193 quoque
1918 3078 2381 3191 subjunllae
2394 3081 2614 3190 sunt.

563 3194 758 3274 Tum
793 3198 1026 3275 etiam
1064 3194 1173 3277 ad
1202 3195 1472 3278 calcem
1505 3192 1728 3300 hujus
1760 3192 2107 3277 editionis
2133 3195 2251 3275 M.
2277 3197 2378 3277 Z.
2404 3191 2616 3277 Box-

557 3303 813 3387 hornii
846 3305 1118 3388 breves
1158 3321 1377 3390 notas
1413 3304 1697 3388 addidi.
1757 3305 1897 3410 Isti
1934 3311 2188 3414 igitur
2217 3321 2618 3390 tantorum

558 3418 930 3500 Virorum
955 3415 1717 3525 laboressuffeciffent
1746 3416 1855 3500 ad
1877 3415 2103 3525 hujus
2123 3418 2467 3502 editionis
2491 3444 2618 3500 or-

547 3544 1004 3620 namentum,
1028 3529 1170 3628 nisi
1183 3529 1291 3632 ἐᾷ
1311 3556 1419 3610 me
1440 3531 1675 3636 ipsum
1696 3528 1804 3611 ad
1800 3526 2209 3638 symbolam
2233 3531 2620 3635 conseren-

545 3639 751 3738 dam,
771 3637 882 3738 59⁹
900 3659 1188 3750 quanto
1205 3658 1423 3749 opere
1441 3666 1555 3723 me
1572 3635 1930 3724 hallenus
1948 3640 2349 3748 occupaffet
2369 3640 2622 3748 Justi-

550 3775 689 3832 nus
710 3808 734 3848 ,
753 3755 1040 3858 publice
1067 3751 1205 3854 tell
1208 3783 1258 3835 a
1266 3753 1486 3835 ndum
1511 3761 1824 3835 innatus
1840 3778 2034 3861 erga
2061 3755 2378 3838 litteras
2395 3781 2620 3840 amor

548 3860 1046 3970 incitavisset.
1105 3867 1380 3971 Quare
1418 3863 1613 3949 nihil
1645 3869 1831 3948 anti'
1874 3871 2040 3947 uius
2087 3864 2326 3963 duxi,
2383 3893 2615 3980 quam

543 3989 632 4059 ut
654 3991 965 4060 mentem
990 3974 1099 4060 ad
1118 3977 1359 4066 MSS.
1376 3976 1651 4061 codices
1677 3892 2154 4082 conferendos
2177 3978 2612 4088 adjicerem,

776 4135 783 4142 ·
2430 4113 2611 4200 quo·
