2894 4823
585 197 842 271 L1n.
942 186 1434 265 XXXVIII.
1569 187 1830 263 Car.
1931 188 2018 263 X.
2197 193 2340 284 663

281 374 540 474 praeliis
581 370 805 445 vietor
846 422 867 457 ,
933 389 1091 438 cum
1144 362 1604 459 Babyloniam
1635 362 2072 459 occupasset,
2122 386 2319 462 mag·

273 498 391 547 nus
445 472 687 544 haberi
742 467 1006 561 coepit.
1104 464 1345 558 Itaque
1388 462 1718 534 omnibus
1774 460 1863 535 ad
1906 487 2066 535 eum
2097 486 2316 557 popu·

272 572 346 645 lis
372 566 901 653 deficientibus,
968 560 1137 635 nihil
1167 559 1433 644 Parthis
1475 559 1722 655 reliqui
1756 581 2029 655 praeter
2058 561 2319 655 patrios

274 666 652 742 fines'fuit.
769 674 800 726 ⁷
857 661 1067 734 Tunc
1121 656 1500 732 Phrahates
1548 657 1993 731 Demetrium
2052 659 2128 731 in
2195 660 2322 753 Sy-

277 767 442 842 riam
510 764 600 839 ad
645 758 1133 854 occupandum
1187 779 1481 852 regnum
1525 780 1684 836 cum
1717 756 2045 833 Parthico
2073 753 2324 851 praest·

278 865 388 942 dio
435 862 699 949 mittit,
768 878 846 931 ut
888 881 974 930 eo
1018 853 1227 950 pasto
1270 852 1668 932 Antiochus
1699 853 1784 927 ad
1824 853 1940 927 sua
1986 853 2249 926 tuenda
2280 876 2324 925 a

274 961 553 1037 Parthia
611 974 1084 1032 revocaretur.
1198 952 1486 1024 Interim
1524 1006 1544 1040 ,
1639 953 1965 1048 quoniam
2052 951 2324 1024 viribus

273 1084 408 1133 non
464 1074 748 1155 poterat
779 1107 805 1145 ,
882 1051 1143 1125 insidiis
1187 1050 1624 1121 Antiochum
1684 1050 1940 1145 ubique
1972 1051 2318 1126 tentabat.

271 1156 295 1208 ⁸
343 1161 636 1252 Propter
695 1150 1221 1226 multitudinem
1280 1146 1648 1219 hominum
1695 1152 2083 1220 exercitum
2125 1147 2318 1220 suum

273 1255 669 1331 Antiochus
714 1276 836 1346 per
883 1249 1212 1321 civitates
1258 1245 1330 1317 in
1386 1244 1680 1317 hiberna
1711 1245 2082 1319 diviserat:
2137 1268 2317 1339 quae

275 1378 383 1432 res
420 1352 624 1427 exitii
656 1351 853 1422 causa
883 1347 1038 1425 fuit.
1122 1345 1312 1417 Nam
1350 1367 1509 1414 cum
1549 1343 1826 1438 gravari
1859 1345 1927 1416 se
1960 1345 2324 1435 copiarum

206 1505 209 1506 ν
271 1451 721 1551 praebitione
763 1444 836 1520 ἃ
888 1443 1157 1540 injuriis
1199 1442 1498 1514 militum
1556 1440 1891 1513 civitates
1955 1433 2328 1527 viderent.

272 1552 359 1625 ad
412 1543 703 1623 Parthos
757 1545 1134 1627 deficiunt3
1197 1536 1270 1612 ἅ
1321 1539 1438 1612 die
1485 1538 1741 1613 statuta
1772 1560 2017 1609 omnes
2050 1537 2229 1630 apud
2261 1534 2330 1608 se

274 1648 578 1723 divisum
627 1647 1011 1718 exercitum
1059 1661 1182 1733 per
1231 1635 1513 1712 infidias
1544 1693 1564 1725 ‚
1642 1660 1733 1708 ne
1784 1636 2095 1709 invicem
2144 1633 2338 1712 ferre

270 1747 533 1824 auxilia
563 1741 870 1840 poffent,
920 1737 1447 1835 adgrediuntur.
1546 1746 1575 1792 ⁹
1625 1736 1826 1838 Quae
1858 1758 2018 1808 curn
2051 1732 2329 1806 nuntia-

266 1867 340 1919 ta
375 1839 742 1917 Antiocho
781 1836 996 1909 essent
1023 1888 1044 1920 ‚
1092 1833 1424 1906 auxilium
1467 1833 1801 1925 proximis
1839 1834 2135 1920 laturuS,
2164 1854 2332 1905 cum

273 1967 362 2016 ea
405 1961 662 2023 manu,
745 1957 922 2030 quae
959 1933 1189 2005 secum
1221 1929 1616 2018 hiemabat,
1671 1933 2140 2025 progreditur.
2243 1931 2332 2001 In

271 2043 532 2116 itinere
584 2032 877 2107 obvium
925 2051 1166 2122 regem
1210 2026 1627 2100 Parthorum
1675 2027 1958 2114 habuit,
2009 2025 2337 2099 adversus

273 2161 485 2236 quem
517 2131 812 2217 fortiuS,
845 2151 1053 2223 quam
1085 2125 1435 2198 exercitus
1464 2124 1646 2218 ejus,
1685 2122 2072 2197 dimicavit.
2125 2130 2183 2167 ¹⁰
2216 2122 2335 2196 Ad

279 2233 713 2333 postremum
765 2247 999 2300 tamen
1046 2275 1069 2313 ,
1133 2245 1295 2297 cum
1344 2222 1613 2294 virtute
1667 2217 1892 2293 hostes
1921 2219 2337 2309 vincerent,

277 2351 475 2407 metu
508 2329 783 2402 suorum
815 2324 1167 2410 desertus,
1222 2319 1604 2392 occiditur:
1657 2317 1772 2390 cui
1808 2318 2184 2390 Phrahates
2218 2338 2337 2389 ex-

279 2429 554 2529 sequias
584 2426 780 2522 regio
816 2446 1013 2496 more
1038 2420 1251 2508 fecit,
1302 2419 1656 2514 filiamque
1686 2415 2039 2491 Demetrii
2067 2467 2093 2505 ,
2129 2438 2343 2511 quam

280 2530 519 2607 secum
574 2521 963 2597 Antiochus
1022 2519 1401 2592 adduxerat
1437 2568 1463 2606 ‚
1531 2532 1777 2610 captus
1818 2538 2076 2587 amore
2121 2500 2344 2610 virgi?-

280 2629 387 2701 nis
429 2681 453 2716 ,
534 2644 825 2696 uxorem
867 2616 1089 2690 duxit.
1207 2627 1257 2664 ¹¹
1326 2614 1697 2687 Poenitere
1765 2611 2027 2686 deinde
2090 2609 2343 2685 dimisti

284 2720 648 2802 Demetrii
675 2717 943 2812 coepit:
998 2715 1084 2790 ad
1116 2738 1323 2809 quem
1352 2711 1842 2803 retrahendum
1886 2736 2046 2785 cum
2079 2731 2344 2785 turmas
2438 2793 2443 2798 Δ

291 2823 613 2920 equitum
665 2815 993 2889 festinato
1036 2811 1316 2886 mififfet
1353 2861 1380 2900 ,
1446 2811 1885 2882 Demetrium
1930 2809 2069 2882 hoc
2119 2809 2346 2900 ipsum

281 2933 723 2996 metuentem
766 2914 913 3009 jam
962 2912 1035 2983 in
1080 2932 1303 3005 regno
1336 2905 1510 2979 missi
1561 2905 2022 2989 invenerunt;
2070 2903 2350 2975 frustra·-

288 3044 422 3118 que
455 3014 694 3090 omnia
725 3010 960 3088 conati
983 3063 1004 3098 ,
1054 3008 1144 3083 ad
1172 3028 1417 3103 regem
1456 3002 1650 3076 suum
1681 2998 1940 3074 reversl
1977 3002 2158 3074 sunt.

362 3234 409 3280 8.
441 3227 674 3290 copiarum
703 3219 1019 3285 praebitione]
1076 3219 1131 3267 In
1174 3219 1283 3268 MS.
1419 3216 1626 3276 Divifim
1643 3209 1925 3274 exer-mun]
1948 3206 2210 3258 Frontinus
2227 3207 2355 3257 strn-

295 3293 468 3353 'agitur
501 3290 797 3345 exhibitione,
843 3286 979 3346 quod
1022 3283 1282 3343 praefero,
1355 3289 1534 3338 regem.
1562 3292 1599 3326 1.
1637 3280 1686 3325 8.
1712 3288 1788 3325 ιι.
1816 3275 1992 3334 Polyb.
2025 3272 2155 3332 apud
2186 3270 2354 3322 Vales.

298 3359 640 3414 vulgatumque
678 3348 819 3406 hujus
865 3350 1023 3397 habeo
1047 3357 1138 3404 pro
1158 3345 1283 3403 glos·
1359 3355 1437 3402 37.
1466 3342 1618 3391 luem.

300 3418 495 3467 seruate.
533 3417 677 3476 captae
711 3413 772 3460 de
822 3414 969 3460 rebus
1004 3408 1284 3457 necess‘arils
1427 3417 1502 3453 ιο.
1557 3407 1794 3451 Vincerem
1827 3398 1852 3463 ]
1930 3399 2077 3447 Forte
2141 3398 2355 3445 vinceret.

303 3478 649 3539 intelligendae
688 3487 798 3525 cum
834 3476 898 3525 ad
931 3471 1153 3533 vistum,
1181 3483 1285 3520 tum
1361 3469 1678 3517 Fnemsnrzm.
1765 3462 1928 3512 Probo
2019 3458 2362 3517 conjecturam

306 3544 365 3592 nd
404 3543 511 3590 alia.
542 3541 690 3588 lnam.
1363 3528 1682 3580 Freinshemii
1709 3562 1728 3589 ,
1795 3526 1842 3576 δι
1914 3527 2027 3584 lego
2062 3556 2082 3583 ,
2144 3524 2358 3574 vincern.

308 3632 309 3641 κ
372 3607 435 3661 Es
463 3606 530 3652 dle
558 3598 773 3663 statum]
800 3600 879 3648 De
914 3596 1137 3656 vesperis
1155 3596 1289 3645 Sicu·
1364 3598 1571 3645 Scnmrr.

309 3668 373 3717 lis
409 3702 426 3728 ‚
463 3669 505 3715 δι
541 3662 779 3720 ejusmodi
812 3660 1023 3710 lanienis
1055 3659 1293 3719 improvi-
1433 3650 1703 3715 Occiditur]
1732 3650 2099 3710 Appiauussyr.
2120 3659 2228 3706 pag.
2251 3656 2362 3700 18²·

310 3731 405 3787 fis,
429 3730 534 3778 vide
562 3726 867 3776 collectanea
896 3723 1129 3779 Cametas
1168 3724 1296 3779 Hor.
1368 3721 1420 3769 b.
1455 3719 1614 3778 ipsum
1638 3714 1723 3769 fibi
1753 3726 1927 3769 manus
1954 3709 2161 3763 muliss‘e
2178 3706 2364 3765 scriblt.

318 3790 495 3847 Sub-cit.
535 3806 574 3847 ι.
604 3795 685 3853 82.
710 3790 938 3842 Bmtc.
1382 3784 1610 3832 name.

1311 3959 1438 4033 Tt
1483 3976 1532 4048 4
2077 3947 2377 4025 Luta
