2894 4823
457 332 600 420 ,¹¹⁵¹
673 313 1220 409 Jnsnnuu
1292 313 1452 387 Lm.
1503 316 1626 390 IX.
1677 317 1842 393 Car.
1887 316 2023 393 VI.
2171 327 2310 416 833

352 495 433 546 Π.
480 495 534 547 6.
574 495 630 549 6.
674 487 996 558 Ρςνάυᾶυη
1037 491 1097 546 in
1135 486 1479 565 convivium]
1514 489 1645 548 Ald.
1691 492 1845 568 Junt.
1878 492 2213 567 produflum‚
2252 494 2307 553 δε

278 576 401 620 tum
439 565 668 623 Bechar.
705 567 954 624 Florent.
989 564 1118 624 MS.
1157 566 1334 624 Periz.
1379 569 1435 622 in
1464 570 1721 625 convivio.
1760 569 1974 628 Eadem
2009 572 2305 644 participia

277 641 489 698 variant
518 643 574 699 in
616 643 786 702 MSS.
823 644 1082 702 Suetonii
1123 642 1354 716 Vespas.
1400 660 1522 719 cap.
1572 661 1664 702 22.
1712 662 1867 718 quum
1902 646 2175 720 p'erdustae
2216 659 2310 719 pro

274 719 537 775 concubitu
554 714 795 793 sestertia
824 719 1204 795 quadringenta
1227 719 1476 796 donasset.
1516 721 1819 778 Terentius
1835 723 2052 780 Andria
2074 739 2121 781 1.
2145 738 2194 780 1.
2217 737 2308 794 54.

520 793 640 877 Qui
667 808 777 858 tum
798 799 945 853 illam
972 797 1212 852 amabant
1235 838 1253 865 ,
1283 794 1465 871 forte,
1505 799 1580 853 ita
1625 810 1685 855 ut
1705 794 1810 871 fit,
1836 795 2020 873 filium

451 937 454 940 ,
518 871 823 931 Perduxere
855 874 983 928 illuc
1005 913 1022 940 ,
1044 869 1226 949 ficum
1260 883 1320 927 ut
1348 889 1457 929 una
1491 871 1647 948 effet,
1687 892 1873 933 meum.

265 942 412 1002 Vide
442 947 530 1005 Cl.
583 947 789 1005 enfium
824 948 920 1005 lib.
948 964 994 1004 1.
1026 948 1176 1005 Lea.
1199 948 1434 1005 Lucian.
1476 966 1595 1023 cap.
1633 965 1680 1020 5.
1714 949 1751 1009 f.

337 1021 486 1080 lbid.
570 1027 857 1099 olutumque
899 1022 1062 1099 mero]
1108 1024 1236 1082 MS.
1268 1023 1416 1082 Con.
1462 1027 1538 1082 N.
1571 1024 1908 1102 sopitamque.
1979 1027 2174 1089 Livius
2204 1028 2304 1089 lib.

267 1110 392 1157 xxv.
455 1117 579 1177 cap.
617 1118 709 1173 24.
787 1100 1003 1177 Magna
1026 1115 1148 1175 pars
1190 1102 1246 1158 in
1285 1103 1520 1158 turribus
1564 1106 1806 1175 epulati,
1845 1116 1937 1162 aut
1982 1105 2142 1184 sopiti
2180 1110 2307 1164 vlno

268 1188 444 1246 erant,
482 1191 576 1236 aut
602 1176 931 1255 semigraves
969 1179 1228 1251 potabant.
1261 1174 1314 1233 δί
1335 1193 1575 1238 xxv111.
1606 1187 1696 1238 26.
1776 1180 1853 1238 Ut
1880 1200 1960 1238 eos
1984 1195 2075 1256 per
2103 1181 2304 1240 idoneos

266 1247 524 1324 homines,
564 1258 786 1330 benigno
814 1255 968 1310 vultu
990 1272 1050 1310 ac
1101 1270 1297 1311 ermone
1327 1257 1386 1311 in
1408 1252 1677 1333 hospitium
1708 1258 1987 1327 invitatos,
2013 1256 2304 1336 sopitosque

260 1329 383 1384 vino
423 1334 702 1389 vincirent.
782 1331 1044 1389 Valerius
1142 1332 1351 1388 aximus
1381 1329 1477 1388 lib.
1524 1347 1608 1389 11.
1642 1349 1764 1405 cap.
1800 1348 1849 1403 5.
1878 1353 1931 1407 4.
1959 1354 2094 1392 mero
2104 1331 2305 1411 somno-

260 1418 355 1476 que
375 1408 562 1483 sopiri.
647 1409 872 1466 Curtius
919 1407 1017 1465 lib.
1037 1422 1198 1465 v111.
1233 1424 1353 1482 cap.
1386 1413 1440 1466 6.
1458 1404 1687 1485 sopitum
1714 1426 1847 1466 mero
1876 1429 1937 1467 ac
1959 1408 2137 1487 somno
2163 1413 2307 1470 exci-

262 1489 378 1537 tant
421 1502 613 1560 regem.
661 1484 714 1543 ὅ(
760 1501 878 1560 cap.
926 1501 1013 1542 10.
1041 1487 1220 1558 quippe
1247 1503 1310 1542 ne
1334 1488 1599 1559 epulantes
1627 1484 1833 1559 quidem
1857 1483 1933 1554 ὅ)
1950 1486 2141 1562 sopitos
2166 1504 2307 1544 mero

259 1554 482 1632 adgredi
521 1560 676 1639 nufias
708 1557 780 1635 cst
826 1555 996 1637 hqltis.
1076 1559 1381 1635 vulgatum
1428 1562 1676 1619 imitatur
1700 1561 1852 1621 Saxo
1884 1563 1981 1621 lib.
2012 1579 2139 1638 nv.
2171 1580 2306 1640 pag.

261 1641 396 1702 336.
434 1652 525 1706 42.
555 1637 760 1712 quidam
783 1657 810 1696 e
832 1635 1205 1718 Julinenstbus
1223 1656 1358 1696 mero
1371 1637 1597 1718 solutus.

343 1726 431 1767 ιχ.
474 1719 528 1771 6.
569 1729 618 1783 7.
657 1714 820 1772 Hanc
860 1731 965 1771 rem
1006 1732 1162 1790 aegre
1188 1713 1373 1790 ferens
1414 1713 1736 1794 Pausanias,
1778 1717 2032 1791 querelam
2060 1713 2335 1789 Philippo'

235 1780 399 1860 saepe
428 1786 742 1864 detuleram]
780 1788 1204 1848 Saresberieufis
1231 1791 1325 1850 lib.
1347 1810 1518 1854 ΠΗ.
1551 1810 1673 1866 cap.
1709 1807 1759 1864 5.
1792 1810 1918 1868 pag.
1948 1807 2076 1864 545.
2155 1789 2308 1849 Pau·

234 1857 437 1938 sanias
477 1883 592 1922 cum
624 1865 929 1923 Hermoclen
958 1865 1313 1938 percunffatus
1351 1867 1507 1944 effet,
1545 1887 1759 1942 quonam
1784 1870 1925 1928 modo
1930 1869 2109 1946 jubito
2130 1885 2306 1924 morus

244 1934 422 2015 pqffet
454 1940 668 1997 evadere
688 1983 705 2008 ‚
739 1954 887 2015 atque
913 1943 960 1997 is
984 1937 1310 2016 respondiffet
1326 1985 1342 2009 ,
1367 1942 1421 2019 fi
1445 1942 1704 2020 occidiffet
1729 1947 1949 2019 aliquem
1970 1949 2148 2003 virum
2178 1947 2304 2001 illu·

237 2009 451 2089 stre-m,
475 2015 727 2093 futurum
775 2030 836 2074 ut
887 2018 943 2075 in
1021 2019 1206 2074 loriam
1243 2019 1354 2089 ejus
1395 2019 1454 2075 id
1494 2017 1659 2095 ipsum
1684 2020 2024 2088 redundaret,
2063 2023 2303 2078 continuo

249 2090 411 2148 Phili
438 2106 561 2167 pum
592 2096 850 2150 interemit
862 2111 883 2164 3
1026 2093 1228 2165 quidem
1256 2093 1386 2166 quod
1423 2096 1644 2168 petierat
1675 2134 1695 2163 ‚
1742 2093 1998 2171 affecutus
2027 2091 2117 2169 est.
2155 2095 2306 2154 Nam

254 2163 332 2237 ἐξ
400 2187 427 2223 e
452 2170 737 2242 parricidio
761 2183 935 2227 notum
961 2166 1174 2245 pqlteris
1197 2168 1458 2239 reddidit,
1498 2165 1572 2238 ὃ
1599 2170 1785 2226 celebri
1808 2169 2066 2247 supplicio
2097 2173 2304 2244 patibu-

251 2246 296 2301 li
315 2288 331 2311 ‚
364 2248 460 2302 cui
490 2241 688 2319 affixus
725 2241 798 2321 est
827 2290 843 2314 ,
881 2264 1060 2304 corona
1105 2263 1264 2304 aurea
1286 2259 1312 2316 ‚·
1346 2265 1496 2320 quam
1523 2244 1784 2319 Myrtalis
1809 2287 1829 2318 ‚
1869 2264 1995 2320 quae
2024 2242 2096 2316 ὅ)
2127 2243 2308 2319 Olym·
2352 2304 2365 2311 ,

244 2324 367 2396 pias
410 2322 552 2382 dina
580 2319 686 2398 est,
725 2319 885 2397 capiti
915 2323 1026 2398 ejus
1048 2321 1315 2397 pendentis
1340 2320 1610 2400 imposuit,
1647 2323 1847 2380 nullum
1873 2322 2027 2384 dante
2034 2320 2306 2401 Jblatium.

252 2395 321 2456 In
371 2400 663 2460 vindiaam
712 2415 883 2460 tamen
923 2400 1208 2475 pudicitiae
1243 2416 1340 2475 per
1380 2399 1632 2475 injuriam
1670 2395 2013 2475 prostitutae,
2062 2398 2309 2475 Philippo

250 2493 352 2534 non
391 2482 638 2554 puniente
669 2521 686 2546 ‚
711 2476 811 2555 sed
855 2477 1114 2534 deridente
1151 2476 1433 2551 injuriam,
1470 2472 1630 2551 potest
1659 2519 1676 2545 ‚
1715 2478 1917 2536 auclore
1964 2475 2171 2554 Trogo,
2210 2478 2312 2533 ali-

250 2568 507 2628 quatenus
518 2553 798 2633 sacrilegii
827 2558 1022 2612 crimen
1064 2552 1317 2632 excusari.
1396 2554 1594 2611 Priora
1636 2550 1917 2630 descripsit
1963 2571 2031 2612 ex
2074 2552 2311 2613 Valerio

247 2633 521 2690 Maximo
547 2648 711 2689 vnt.
740 2648 827 2702 14.
866 2643 981 2688 ext.
1014 2647 1069 2702 4.
1105 2629 1251 2706 apud
1284 2647 1453 2703 quem
1478 2630 1715 2703 legitur,
1753 2642 2093 2698 percontatus.
2129 2629 2216 2689 &:
2245 2643 2315 2687 ut

245 2712 425 2785 gloria
459 2709 578 2782 ejus
607 2706 674 2763 ad
703 2706 1218 2785 ipsum'redundaret.
1239 2705 1292 2764 δι
1309 2726 1322 2764 :
1341 2719 1449 2765 tam
1477 2703 1690 2784 enimse
1708 2707 1991 2783 parricidio
2014 2727 2165 2783 quam
2177 2707 2312 2765 Plu·-

243 2787 416 2860 lippus
451 2786 661 2840 virtute
682 2826 698 2851 ‚
743 2796 918 2840 notum
940 2796 1004 2858 po
1051 2785 1153 2839 eris
1179 2780 1428 2840 reddidit.

318 2860 483 2919 Ibid-
526 2857 655 2916 Cum
682 2863 854 2916 variis
867 2857 972 2935 fru
1019 2861 1305 2915 rationibus
1327 2877 1426 2914 non
1490 2877 1552 2915 ne
1581 2858 1690 2936 risu
1719 2857 2055 2934 differretur,
2140 2858 2312 2920 Med.

242 2937 331 2998 ed.
357 2940 550 2997 Rom.
578 2937 667 3009 qui
693 2953 810 2992 cum
839 2938 1009 2992 variis
1032 2930 1281 3011 frustrat.
1316 2932 1422 2990 Col
1450 2977 1462 2991 .
1498 2936 1575 2991 N.
1603 2937 1689 3006 qui
1723 2947 1891 2991 tamen
1918 2932 2035 2992 var.
2095 2956 2141 2992 r.

321 3033 410 3073 ιχ.
459 3029 527 3084 7.
563 3027 620 3083 3.
661 3011 843 3143 Reffni
869 3013 1125 3069 aemulum
1140 3007 1413 3088 fratrem]
1452 3009 1603 3068 Saxo
1632 3009 1728 3067 lib.
1756 3025 1805 3068 1.
1831 3011 1953 3070 init.
1972 3014 2126 3087 regni
2140 3027 2311 3069 aemu-

238 3093 318 3151 los
345 3104 508 3149 ratus
523 3130 543 3158 ‚
582 3105 726 3162 quos·
766 3089 990 3163 ignitate
1014 3102 1166 3160 pares
1193 3087 1461 3145 habuerat.

273 3168 466 3226 -·1bid.
515 3164 686 3239 quue
705 3162 952 3240 fastum,
992 3177 1051 3220 ut
1095 3165 1153 3220 in
1191 3165 1430 3220 convivio
1457 3174 1610 3220 antea
1634 3164 1862 3238 primum
1892 3179 2005 3219 cum
2037 3161 2238 3219 Attalo.
2259 3205 2273 3220 .
2293 3206 2312 3222 .

228 3238 559 3321 jurgas-ea]
598 3239 762 3299 Med.
805 3238 986 3308 Magi.
1035 3238 1138 3296 sec.
1196 3252 1321 3298 tert.
1368 3256 1401 3296 a
1441 3256 1524 3313 pr.
1570 3255 1644 3301 m.
1693 3237 1747 3296 δί
1790 3239 1970 3312 quint.
2017 3236 2180 3296 Leid.
2214 3238 2310 3299 ed.

241 3320 419 3379 Rom.
453 3335 611 3392 eoque
624 3315 853 3391 fatiunt.
885 3316 1034 3374 0011.
1066 3317 1142 3375 N.
1178 3334 1231 3373 eo
1248 3314 1477 3392 faffltm.
1506 3316 1684 3373 Periz.
1716 3332 1833 3388 eque
1841 3312 2067 3390 facium.

326 3408 440 3456 11:
472 3410 531 3465 7.
573 3411 628 3465 4.
667 3393 821 3452 Adeo
861 3405 922 3450 ut
965 3396 1122 3450 etiam
1150 3388 1334 3466 strifflo
1351 3392 1530 3469 gladio
1559 3411 1673 3450 eum
1702 3390 1977 3465 Philippus
2007 3388 2311 3467 cory'eaatus

224 3472 340 3552 fit,
375 3488 639 3547 aegreque
662 3490 695 3527 a
705 3466 818 3544 filii
844 3468 1030 3537 caede,
1055 3471 1331 3526 amicorum
1357 3472 1593 3542 precibus
1611 3512 1626 3537 ,
1655 3467 1939 3544 exoratus]
1977 3468 2156 3525 Periz.
2189 3483 2305 3522 con-

225 3550 511 3628 festam,
547 3563 828 3622 aegreque,
873 3545 1072 3602 omisso
1115 3548 1293 3603 verbo
1336 3544 1703 3603 substantive.
1746 3543 1912 3602 Bodl.
1941 3547 2180 3618 precibus
2223 3560 2308 3612 ro«¹

234 3638 483 3683 vocatus.
515 3620 676 3680 Med.
707 3620 888 3693 Magl.
917 3621 1019 3679 sec.
1047 3620 1209 3679 Leid.
1244 3622 1389 3679 Coll.
1414 3623 1491 3679 N.
1515 3635 1757 3679 exoratus
1765 3618 1858 3695 fit.

336 3716 433 3758 xx.
479 3716 533 3770 7.
576 3704 627 3761 8.
668 3699 889 3771 Utrique
906 3696 1239 3774 Pausaniam.
1263 3742 1313 3756 ..
1342 3696 1601 3774 impulisse
1626 3695 1953 3772 creduntur]
1995 3693 2295 3772 Ald.Junr.

243 3788 491 3848 uterque.
526 3775 624 3832 sec.
661 3774 823 3833 Leid.
856 3774 1208 3831 credebantur.
1252 3778 1478 3849 quintus
1511 3791 1576 3831 ac
1606 3771 1769 3831 Bodl.
1803 3776 2064 3847 utrisque,
2089 3772 2141 3831 ἃ.
2174 3790 2309 3833 cum

245 3852 408 3911 con.
437 3853 518 3910 N.
548 3845 860 3909 credebatur.

337 3944 434 3986 1x.
484 3943 534 3999 7.
571 3944 623 3997 9.
665 3927 738 3983 Fu
786 3929 912 3985 ienti
936 3924 1218 4008 percuffori
1244 3944 1390 4001 equos
1418 3944 1605 4003 quoque
1630 3937 1953 3999 praeparatos
1968 3925 2161 3983 babuit.
2181 3924 2313 4001 Ipsm²

240 4002 489 4084 deinde]
530 4002 698 4067 Bodl.
739 3946 852 4089 {eq
883 4006 1063 4081 quint.
1108 4004 1279 4069 Leid.
1300 4003 1436 4084 fug.
1477 3999 1761 4139 ΡενεέίῙυνὶ
1812 4005 1972 4064 etiam
2023 4021 2171 4079 equos
2189 4003 2307 4134 bilta}
