2894 4823
555 289 695 369 ιη
1197 277 1257 376 ‘J
1331 277 1489 352 iss
1563 300 1612 350 τ
1682 301 1711 351 1
1783 295 1938 354 Ni

555 454 735 553 rege
788 450 1105 551 Aegypti
1151 451 1612 551 Hercynione
1664 451 1917 525 auxilia
1960 448 2226 522 navalis
2264 450 2432 522 'belli
2489 473 2617 544 pet
2660 491 2673 514 1

563 558 831 652 legatos
860 568 1150 646 petunt:
1201 562 1229 604 ²
1268 575 1310 626 a
1334 573 1474 647 quo
1506 569 1796 623 eentum
1830 550 2146 621 triremes
2169 603 2189 635 ,
2227 547 2300 621 δι
2331 550 2618 622 sexcen-

565 670 642 726 ta
693 650 908 723 millia
949 648 1344 723 modiorum
1397 648 1736 722 frumenti
1782 644 2026 720 miffa:
2068 671 2108 719 a
2143 646 2397 719 ceteris
2443 670 2617 743 quo,

567 774 707 847 que
767 746 969 821 sociis
1034 747 1355 845 ingentia
1410 747 1669 824 auxilia
1731 744 2089 818 contrasta
2149 745 2323 817 sunt.
2393 753 2418 804 3
2476 744 2621 817 Sed

568 864 770 920 tanto
818 847 1199 933 exercitui,
1251 845 1329 918 δε
1373 863 1621 919 contra
1673 860 1945 916 tantum
1997 841 2252 914 ducem
2285 896 2307 928 ‚
2373 841 2626 922 deerat

569 945 828 1040 dignus
885 938 1287 1038 imperator.
1341 951 1377 1001 4
1415 945 1658 1039 Itaque
1709 941 2211 1035 postulantibus
2265 938 2470 1012 sociis
2517 940 2622 1012 A.

571 1040 900 1140 geiilaum
949 1041 1205 1116 ducem
1247 1097 1268 1130 ‚
1318 1064 1567 1137 regem
1616 1062 1785 1116 tunc
1837 1036 2625 1127 Lacedaemoniorum}

568 1157 864 1238 propter
917 1139 1241 1236 responsa
1300 1140 1566 1212 oraculi
1609 1137 2006 1233 Delphici,
2077 1134 2198 1209 diu
2260 1135 2628 1208 Lacedae-

561 1238 831 1326 -monii,
881 1260 969 1310 an
1039 1259 1201 1309 eum
1247 1235 1553 1311 summae
1602 1236 1706 1309 rei
1748 1252 2302 1332 praeponerent,
2355 1233 2627 1305 delibe-

571 1354 955 1408 raverunt:
1015 1341 1041 1387 5
1076 1339 1301 1430 quibus
1327 1334 1611 1431 futurus
1660 1336 1913 1429 imperii
1949 1332 2118 1426 finis
2162 1331 2628 1404 denuntiaban-

569 1451 728 1522 tur,
774 1458 913 1505 cum
942 1439 1188 1528 regium
1225 1432 1630 1529 claudicaffet
1664 1434 2040 1526 imperium:
2091 1441 2239 1502 erat
2269 1428 2454 1502 enim
2490 1454 2618 1523 pe·

555 1529 662 1616 ¹de
700 1530 1007 1602 claudus.
1057 1530 1088 1575 ⁴
1128 1530 1245 1602 Ad
1284 1530 1709 1628 postremum
1755 1529 2176 1615 statuerunt,
2229 1529 2475 1599 melius
2516 1526 2619 1600 es-

569 1628 641 1701 se
685 1626 950 1699 incess'u
998 1650 1243 1724 regem
1271 1683 1293 1716 ‚
1344 1652 1551 1722 quam
1591 1627 1889 1725 imperio
1939 1650 2233 1723 regnum
2269 1624 2619 1698 claudica-

569 1748 673 1798 re.
728 1736 755 1780 ⁷
786 1723 1238 1819 Posteaquam
1278 1725 1680 1822 Agesilaum
1733 1749 1893 1797 cum
1938 1723 2346 1821 ingentibus
2396 1723 2623 1818 copiis

569 1821 643 1897 in
703 1820 937 1894 Afiam
990 1824 1238 1895 misere
1269 1879 1290 1911 ‚
1355 1847 1496 1897 non
1546 1821 1752 1897 facile
1803 1823 2097 1894 dixerim
2133 1877 2152 1910 ,
2199 1821 2381 1918 quod
2431 1822 2625 1898 aliud

555 1943 698 2017 par
742 1918 998 1992 ducum
1040 1937 1185 1991 tam
1235 1923 1419 1993 bene
1456 1940 1936 2017 comparatum
1990 1920 2234 1994 fuerit:
2288 1917 2315 1965 ⁸
2356 1921 2623 2016 quippe

572 2036 761 2090 aetas
796 2069 824 2113 ,
886 2017 1155 2105 νὶτωε,
1209 2018 1571 2092 confilium
1606 2076 1627 2107 ‚
1682 2013 2014 2114 sapientia
2068 2018 2342 2111 utrique
2390 2039 2621 2113 prope

568 2137 745 2206 una3
793 2114 1017 2213 gloria
1060 2139 1338 2220 quoque
1385 2139 1616 2194 rerum
1668 2114 2015 2226 gestarum
2066 2116 2353 2198 eadem:
2388 2126 2436 2220 j
2472 2118 2627 2287 qlui-

555 2237 562 2242 ’
1680 2233 1683 2240 ’
2549 2237 2632 2288 us

570 2390 764 2439 variant
782 2403 796 2436 ι
811 2390 1006 2450 quidam
1023 2393 1311 2454 mercturam,
1329 2392 1409 2442 alii
1426 2395 1555 2445 Mu·-

569 2455 729 2501 aer’mom'
758 2486 775 2511 ‚
826 2455 909 2501 aiii
964 2456 1246 2504 Inerct‘niont‘.
1323 2459 1556 2517 Hercynio-

571 2532 627 2563 ηε
657 2516 802 2562 habet
841 2519 990 2563 etiam
1025 2518 1219 2566 Orosius
1253 2530 1328 2565 m.
1372 2531 1413 2565 1.
1445 2531 1557 2566 etun

570 2578 819 2625 Diodorus
870 2591 972 2625 xiv.
1025 2582 1101 2627 80.
1164 2592 1312 2628 vocat
1365 2583 1559 2638 Νιορόα.

564 2640 821 2686 Boumas-
887 2640 1151 2699 Quomodo
1183 2644 1288 2689 scre
1310 2642 1485 2690 Euseb.
1508 2642 1559 2689 in

563 2702 747 2749 Cliton.
782 2702 1057 2761 Nepherites.
1086 2705 1309 2752 limante.

636 2775 680 2819 3.
712 2766 851 2809 Tanto
865 2766 1115 2829 exercitui]
1144 2768 1222 2817 Ita.
1233 2768 1376 2826 supra
1404 2780 1459 2816 11.
1484 2779 1557 2817 10.

571 2838 650 2876 αι.
681 2825 830 2873 Inani.

627 2902 675 2949 4.
703 2889 948 2950 Agestlaam
1000 2891 1189 2955 ducem]
1231 2892 1346 2940 Hoc
1409 2892 1559 2941 ducem

569 2963 672 3001 non
701 2952 966 3009 agnoscunt
992 2954 1104 3002 libri
1133 2956 1265 3003 MSS.
1292 2955 1518 3015 plerique
1541 2989 1559 3015 ‚

568 3026 669 3062 nec
702 3014 769 3060 est
797 3014 1116 3064 dubitandum
1134 3053 1151 3077 ,
1181 3022 1301 3077 quin
1331 3031 1391 3065 ex
1413 3018 1559 3077 gioss'a

569 3075 829 3134 irrepserit
861 3078 908 3124 in
949 3086 1155 3129 textum.
1183 3084 1384 3130 Seuer-r.

634 3139 894 3201 Responfim
949 3143 1158 3205 oraculi]
1204 3144 1350 3205 Quod
1406 3142 1562 3192 exstat

567 3204 697 3260 apud
733 3204 1012 3267 Pausaniam
1045 3207 1336 3266 Laconicis,
1370 3207 1416 3253 δε
1452 3208 1561 3254 Plu·

565 3268 784 3317 tarchum
817 3268 1050 3325 Agesilao.
1118 3270 1243 3317 Vide
1283 3269 1429 3318 etiam
1465 3270 1558 3316 Xe-

568 3329 832 3387 nop11.1ib.
869 3342 943 3378 m.
982 3331 1165 3381 Histor.
1213 3334 1390 3380 Graec.
1427 3333 1474 3380 δι
1510 3332 1560 3378 in

568 3393 743 3451 Agefil.
822 3391 947 3441 Vide
1000 3394 1045 3445 e
1093 3396 1306 3444 Probum
1355 3394 1559 3443 ibidem.

562 3455 821 3507 norimus.
1029 3456 1035 3463 ‘
1532 3458 1536 3465 ’

636 3530 681 3573 5.
723 3521 831 3565 Cum
881 3522 1048 3582 regium
1097 3521 1375 3582 claudieaffie
1426 3522 1561 3580 impe·

568 3581 757 3643 riuus]
789 3582 899 3629 Hoc
935 3584 1370 3643 oramium‚quod
1406 3596 1466 3630 an
1497 3583 1557 3630 ab

1635 2391 1828 2439 duobus
1880 2390 2105 2451 loquor)
2141 2401 2195 2443 ut
2247 2402 2310 2439 eo
2348 2389 2624 2439 minus're-

1632 2467 1716 2513 ges
1772 2456 1954 2513 elscnt,
1999 2466 2144 2512 quam
2178 2455 2205 2501 fi
2240 2456 2495 2513 singulares
2544 2452 2622 2509 ini

1620 2517 1837 2565 fument.
1896 2518 2009 2578 Quo
2062 2517 2190 2563 enim
2227 2519 2393 2575 piures
2436 2517 2625 2564 fuerint

1636 2592 1775 2639 reges
1825 2580 1874 2627 in
1922 2592 2023 2627 uno
2076 2579 2241 2637 aliquo
2277 2579 2523 2638 imperio,
2552 2592 2623 2626 eo

1638 2643 1678 2689 ὰ
1704 2642 1997 2691 infirmiores
2034 2644 2120 2690 [int
2138 2642 2327 2689 necess'e
2351 2642 2433 2689 est.
2500 2645 2564 2689 At
2587 2644 2621 2690 fi

1636 2718 1761 2753 unus
1797 2706 1981 2752 tantum
2017 2705 2170 2753 fuiss'ct
2189 2738 2207 2765 ‚
2232 2716 2335 2752 tum
2362 2717 2484 2752 vero
2510 2718 2623 2762 gra-

1633 2780 1699 2816 ve
1746 2769 1791 2815 &
1841 2767 2040 2815 exitiale
2082 2767 2379 2826 reipublicae
2425 2768 2626 2825 pericu-

1634 2830 1734 2878 lum
1773 2830 2087 2888 imminebat,
2116 2842 2166 2878 ut
2213 2831 2455 2889 putabant.
2520 2830 2618 2890 Qui

1633 2894 1767 2941 enim
1808 2897 1905 2941 flne
1942 2893 2171 2941 conibrte
2221 2907 2384 2940 rerum
2437 2893 2622 2951 potitus

1635 2958 1785 3013 effet,
1815 2956 1854 3003 is
1892 2956 2110 3004 &sat-ile
2130 2968 2365 3013 tyrannus
2401 2956 2617 3003 evadere

1633 3020 1874 3078 potuisset.
1953 3020 2105 3077 idque
2175 3021 2301 3066 adeo
2361 3021 2620 3067 oraculum

1635 3093 1962 3140 praemonens
1981 3116 1998 3140 ‚
2011 3081 2410 3131 Lacedaemoniis
2438 3093 2622 3129 caven-

1634 3145 1750 3193 dum
1786 3144 1879 3192 effe
1911 3144 2074 3201 dixit,
2102 3145 2378 3204 nequando
2400 3143 2622 3203 ipsorum

1634 3219 1834 3266 regnum
1903 3207 2215 3255 claudicaret.
2306 3207 2386 3254 lili
2457 3219 2625 3267 autem

1634 3271 1769 3328 quod
1804 3270 1866 3316 de
1903 3283 2017 3329 rege
2062 3268 2363 3318 claudicante
2399 3269 2624 3327 aliquan-

1634 3332 1701 3380 do
1755 3332 1941 3382 dicium
1981 3333 2115 3380 fuisse
2142 3335 2376 3381 volebant
2396 3367 2412 3391 ,
2441 3333 2490 3380 id
2524 3345 2621 3391 ego

1635 3407 1736 3443 non
1772 3396 1834 3442 de
1870 3408 1983 3453 rege
2004 3430 2020 3455 ,
2050 3396 2133 3443 sed
2156 3397 2218 3443 de
2255 3408 2404 3455 regno
2434 3392 2626 3445 dit‘ium

1632 3458 1767 3508 suiss'e
1802 3459 2024 3507 arbitror.
2052 3460 2234 3508 Fauna.
2300 3459 2433 3505 MSS.
2468 3460 2626 3516 pleri-

1637 3533 1734 3579 que
1778 3523 1956 3570 habent
1976 3555 1994 3580 ,
2038 3538 2130 3569 cnm
2171 3538 2286 3583 rege.
2345 3533 2407 3569 an
2441 3521 2627 3580 scripsit

1633 3584 1843 3647 justinus
1864 3617 1880 3641 ‚
1907 3600 2001 3631 cnm
2020 3587 2068 3631 ἰη
2099 3602 2196 3647 rege
2228 3584 2503 3644 chulr'caffie
2537 3588 2623 3632 in·

568 3644 734 3700 aliquo
784 3656 848 3691 ex
910 3658 1055 3703 gente
1115 3647 1557 3695 Grammaticorum
1621 3650 1835 3709 portum
1861 3649 1955 3695 Sed
1992 3648 2119 3695 sorte
2160 3648 2277 3695 nihil
2313 3648 2621 3707 mutandum,

563 3707 867 3762 explicatum
949 3709 1102 3767 usque
1165 3712 1319 3759 adhuc
1375 3709 1558 3768 fuerit,

563 3765 677 3813 haut
714 3770 943 3825 equidem
980 3772 1083 3821 scio
1105 3806 1122 3831 ,
1166 3773 1216 3820 id
1253 3786 1344 3832 ego
1374 3773 1437 3820 fic
1476 3771 1549 3819 in·

1631 3710 1743 3768 quia
1797 3723 1914 3758 tnox
1971 3723 2221 3769 ponuntur
2266 3722 2495 3767 tanquam
2549 3712 2630 3759 dx-

1630 3773 1772 3821 versa
1809 3775 1855 3820 dt
1895 3776 2178 3832 contraria,
2209 3772 2504 3821 claudicatio
2538 3786 2621 3820 re·-

561 3838 843 3886 tet-pretor:
880 3836 1253 3885 Lacedaemonii
1287 3838 1412 3884 duos
1465 3846 1543 3881 rc·
1618 3834 1688 3897 gis
1709 3870 1725 3896 ,
1756 3838 1798 3884 ἀ
1840 3836 2134 3885 claudicatio
2174 3836 2387 3896 imperii.
2412 3840 2619 3886 scum-r.

555 3902 644 3951 ges
695 3892 937 3944 habebant
992 3911 1056 3946 ex
1105 3900 1290 3947 duabus
1340 3897 1542 3946 familiis
1621 3901 1765 3957 Angl.
1800 3916 1930 3961 quam
1964 3903 2227 3960 imperatore
2270 3915 2467 3961 regnum
2501 3900 2619 3954 Op-

555 3952 963 4019 Heraclidarum,
993 3973 1228 4019 perpetua
1251 3963 1297 4009 δι
1331 3974 1431 4009 non
1468 3960 1542 4008 in·
1620 3962 1795 4019 posstio
1844 3965 1954 4009 haut
2001 3973 2148 4019 apta,
2188 3975 2283 4011 nec
2322 3964 2464 4013 habet
2503 3960 2620 4007 sen·

533 4026 776 4103 Lux-rupta
808 4016 974 4079 serie;
1004 4023 1152 4084 idque
1190 4038 1254 4074 eo
1285 4024 1384 4075 fine
1429 4022 1541 4086 (de
1619 4023 1725 4074 sum
1750 4025 1999 4078 idoneum.
2026 4024 2186 4075 Ιυικ.

2424 4064 2619 4148 rnen,
