2894 4823
424 314 666 401 'xxvnr
867 325 2178 408 PRAEFATIONES.

424 508 573 560 non
610 483 822 563 solum
854 488 1268 575 attuleram,
1312 489 1431 561 sed
1481 488 1558 564 δι
1605 488 2052 578 asserueram,
2098 490 2175 566 δι
2216 490 2283 565 in
2316 514 2484 567 con-

425 605 699 658 textum
732 584 1061 659 editionis
1093 610 1291 667 meae
1324 586 1558 661 deleta
1604 589 1952 662 maculosa
1981 591 2482 686 scriptura,re-

314 702 319 709 ·
427 705 814 776 ceperam,
883 681 1120 754 laudat
1164 684 1444 779 quidem
1517 710 1559 758 a
1615 708 1730 758 me
1791 687 2129 781 prolatas,
2191 687 2306 761 sed
2355 684 2478 761 fibi

423 782 787 867 vindicat,
836 780 1127 875 perinde
1170 804 1255 854 ac
1299 780 1346 854 fi
1393 806 1431 854 a
1476 784 1762 855 nemine
1808 782 2089 858 fuiss'ent
2117 804 2285 858 ante
2319 809 2482 881 pro-

424 878 680 966 batae,
728 881 976 951 crebro
1017 878 1086 950 in
1124 877 1210 968 iis
1249 878 1681 954 adstruendis
1728 883 1880 955 usus
1917 883 2092 956 meis
2138 884 2480 976 exemplis

426 973 506 1048 ἃ
546 978 954 1051 rationibus.
1008 976 1146 1049 Sed
1181 978 1360 1064 viri,
1408 980 1528 1075 qui
1556 977 1816 1052 dudum
1852 1002 1897 1052 e
1928 980 2114 1053 vivis
2151 981 2480 1069 excellit,

425 1075 579 1147 aliis
609 1077 874 1148 meritis
917 1077 1092 1146 haec
1122 1075 1419 1150 levicula
1453 1076 1827 1149 donentur.
1910 1078 2032 1152 Ne
2061 1101 2220 1151 cum
2253 1078 2482 1174 super·

423 1168 586 1245 stite
633 1173 917 1270 quidem
978 1172 1070 1244 de
1125 1172 1231 1246 his
1301 1174 1735 1248 contendere
1803 1175 2016 1249 velim
2051 1229 2073 1263 ‚
2143 1198 2277 1250 nec
2319 1198 2481 1250 cum

420 1283 771 1367 quoquam
812 1271 974 1342 alio.
1082 1269 1432 1345 Triennio
1475 1269 1628 1366 post
1674 1272 1981 1367 Joannes
2027 1272 2481 1362 Schefferus,

420 1370 538 1443 vir
581 1369 1126 1455 celeberrimae,
1202 1368 1415 1444 decus
1465 1369 1925 1459 Germaniae,
1969 1394 2150 1466 quae
2199 1371 2421 1445 edidit
2449 1419 2479 1461 ,

423 1463 874 1553 &sueciam
909 1487 1086 1561 quae
1134 1463 1360 1554 fovit,
1412 1468 1533 1563 qui
1576 1463 1657 1540 ἆ
1709 1466 1857 1561 ipse
1906 1470 2110 1542 vivus
2143 1468 2312 1543 mihi
2345 1468 2486 1543 fuit

424 1563 1016 1664 conjuncliffimus
1046 1613 1072 1651 ‚
1134 1563 1290 1657 post
1355 1583 1479 1639 tot·
1518 1566 1690 1640 alias
1798 1566 2243 1642 ulcherrimas
2287 1566 2483 1641 lucu·

423 1666 781 1739 brationes
799 1716 818 1748 ,
839 1656 1089 1757 quibus
1116 1685 1265 1737 rem
1299 1664 1700 1737 litterariam
1759 1664 1857 1736 ibi
1887 1663 2212 1739 devinxit
2229 1719 2251 1753 ,
2272 1662 2482 1760 Justi-

421 1783 591 1835 num
624 1784 900 1861 quoque
943 1762 1056 1835 sua
1087 1783 1250 1834 cura
1297 1762 1622 1858 dignatus
1654 1758 1797 1849 est,
1831 1784 2039 1858 quem
2083 1761 2486 1859 Hamburgi
2563 1800 2584 1817 ν

422 1857 1141 1933 animadverfionibus
1188 1856 1592 1933 instruRum
1634 1880 1818 1932 anno
1860 1881 2169 1934 txxvm.
2237 1861 2480 1958 vulga-

421 1956 556 2030 vit.
655 1958 904 2047 Meam
961 1955 1350 2029 editionem
1409 1979 1552 2031 nou
1597 1956 1877 2030 videtur
1918 1960 1957 2031 ὅ
1987 1968 2312 2049 μακαρίτης
2368 1959 2479 2030 vi·

420 2053 640 2146 diffe,
701 2055 820 2129 sed
867 2073 985 2128 aut
1028 2055 1201 2129 solas
1250 2074 1503 2146 notae,
1561 2076 1729 2152 quas
1788 2055 2045 2130 Daniel
2093 2054 2487 2129 Elzeviriun

420 2152 722 2228 editioni
770 2151 1405 2229 Amsterodamenfi
1458 2154 1949 2249 praeposuerat
1981 2207 2003 2242 ‚
2071 2175 2230 2228 cum
2272 2151 2486 2250 Justi-

420 2274 629 2342 num,
657 2271 737 2326 ut
779 2273 943 2327 ante
975 2253 1106 2326 hac
1133 2252 1799 2343 circumferebatur,
1819 2273 1961 2327 non
1992 2269 2070 2326 ut
2106 2275 2148 2325 a
2176 2275 2290 2325 me
2322 2249 2481 2324 fue-

418 2370 531 2427 rat
567 2353 1003 2429 emendatior
1034 2350 1352 2447 Trajec‘ti
1383 2349 1661 2427 emiss‘us
1682 2403 1706 2441 ‚
1758 2351 1942 2448 typis
1974 2347 2477 2447 descripsisset,

421 2469 547 2524 aut
583 2474 661 2529 ut
706 2475 749 2524 a
783 2449 1074 2524 Vorstio·
1130 2453 1288 2523 sunt
1333 2450 1673 2524 laudatae.
1775 2450 2104 2545 Denique
2149 2447 2304 2543 post
2343 2449 2482 2521 hon

419 2571 668 2624 omnes
699 2548 946 2622 doEtus
981 2548 1294 2642 Anglua,
1344 2548 1463 2646 qui
1513 2546 1720 2621 nobis
1765 2568 2026 2621 nomen
2058 2546 2252 2621 suum
2292 2544 2486 2619 invi-

415 2651 571 2736 dit,
620 2647 872 2719 bellam
904 2642 981 2718 δι
1016 2644 1309 2717 nitidam
1356 2645 1749 2719 editionem
1783 2642 2031 2741 Justini
2084 2645 2339 2740 publici
2364 2644 2483 2738 ju·

417 2749 515 2824 ris
553 2743 730 2819 fecit
782 2744 1112 2819 Oxoniae
1144 2792 1172 2831 ,
1223 2739 1376 2814 usus
1435 2761 1730 2836 quatuor
1775 2740 2061 2816 vetustis
2116 2742 2481 2818 codicibus

417 2843 877 2942 Anglicanis,
925 2862 1217 2940 quorum
1257 2836 1549 2914 subfidio
1592 2839 1807 2913 multa
1847 2861 2175 2933 corrupta
2204 2839 2480 2913 sanavit

422 2946 753 3039 egregie,
803 2961 980 3036 quae
1020 2936 1097 3011 Gt
1132 2939 1306 3012 mihi
1353 2937 1430 3013 δι
1465 2935 1834 3012 Scheffero
1883 2938 1952 3011 in
2002 2939 2187 3011 curis
2234 2936 2477 3011 secun·

420 3042 531 3116 dis
559 3095 581 3129 ,
643 3062 813 3136 quas
864 3034 1021 3109 vifis
1066 3036 1173 3110 his
1215 3037 1532 3134 Anglicis
1574 3034 2283 3112 animadversionibus
2328 3035 2481 3106 elu-

419 3137 803 3227 cubravit,
862 3135 1233 3229 plurimum
1287 3132 1725 3228 profuerunt.
1841 3134 2105 3222 Fabri,
2161 3132 2481 3225 Vorstii,

422 3234 772 3318 'Schefferi
820 3254 1024 3308 notas
1067 3231 1375 3329 integras
1405 3286 1426 3321 ,
1483 3231 1560 3307 δι
1592 3231 1910 3315 ,illibatas
1944 3230 2063 3304 hic
2090 3233 2411 3307 invenies
2440 3281 2480 3324 ,

422 3357 561 3410 nec
589 3357 768 3421 non,
818 3333 935 3430 qui
965 3331 1132 3402 olim
1171 3328 1438 3426 Justino
1473 3326 1922 3419 studuerunt,
1945 3326 2246 3403 ‘Illustris
2264 3331 2475 3425 Jaco-

368 3456 373 3462 ’
419 3434 497 3508 bi
530 3429 878 3528 Bongarlii
899 3480 925 3517 ,
946 3427 1296 3502 Francisci
1324 3427 1607 3514 Medii,
1627 3428 1982 3500 Matthiae
2010 3428 2422 3502 Bernecceri
2439 3476 2477 3517 ,

420 3528 500 3605 ἃ
542 3531 775 3627 magni
809 3528 1022 3603 isaaci
1043 3523 1284 3598 Vossii.
1336 3525 1676 3621 Josephus
1697 3525 1982 3614 Cantel‚
2019 3524 2139 3621 qui
2177 3523 2247 3598 in
2279 3527 2480 3600 usum

418 3627 843 3712 Sereniffimi
890 3623 1227 3717 Delphini
1261 3620 1605 3717 Justinum
1660 3621 1924 3696 Parissis
1966 3645 2152 3695 anno
2195 3644 2473 3702 Lxxvn.

418 3726 685 3812 edidit,
735 3748 891 3797 cum
923 3743 1062 3800 non
1105 3736 1245 3793 tam
1276 3719 1745 3806 emendandi,
1778 3718 2353 3821 quamhistoricis
2392 3717 2480 3798 δε

421 3822 933 3917 Geograpbicis
990 3818 1558 3893 annotationibus
1600 3818 1999 3912 explicandi
2054 3836 2290 3912 partes
2341 3815 2475 3896 fibi

308 3990 311 3992 ,
416 3918 792 4013 imposuit,
843 3916 1073 3991 nostro
1119 3915 1431 3991 instituto
1464 3937 1603 3988 non
1645 3915 1881 3989 servit.
1948 3914 2218 3988 Ceteris
2249 3916 2470 3991 debe-

414 4035 571 4142 isnus
600 4015 917 4099 multum.
1022 4015 1240 4109 Tibi,
1291 4012 1549 4106 Ιεξὶοτ,
1598 4011 1871 4112 poss‘um
1909 4011 2224 4114 adjurare
2266 4012 2475 4190 limai-

557 4131 567 4142 .
2063 4124 2076 4135 .
2424 4131 2482 4188 0
