2894 4823
536 386 685 452 xxx
827 373 883 446 1.
982 363 1651 447 BoNGARsu
1751 369 2349 467 JUDICIUM

544 555 729 608 tates
771 533 1132 622 funerum,
1186 552 1264 605 ut
1314 531 1574 605 merito
1626 530 1891 605 dixerit
1937 533 2050 606 M.
2089 532 2366 620 Varro,
2432 533 2639 610 nasci

544 631 675 706 nos
720 630 977 728 spiffius
1033 655 1237 728 quam
1287 630 1533 703 emori.
1638 631 1774 702 Vix
1839 622 2297 702 duo-homines
2352 632 2634 725 inquit,

544 736 756 805 decem
789 730 1100 819 menfibus
1128 731 1439 801 edolatum
1472 752 1664 801 unum
1699 730 1964 799 reddunt
1992 748 2297 821 puerum:
2345 745 2575 803 contra
2598 786 2625 817 ,

546 856 676 903 una
705 829 1111 926 pestilencia,
1162 824 1398 921 hqllica
1433 831 1649 916 acies,
1694 830 1921 921 pantio
1972 830 2275 920 temporis
2321 830 2629 901 inmanes

544 952 807 1002 acervos
822 926 1035 1023 facit.
1113 927 1358 1021 Itaque
1392 923 1438 995 fi
1472 926 1636 1019 quid
1669 925 1750 999 in'
1782 924 1887 995 his
1915 925 2098 996 notis
2130 916 2272 1011 est,
2322 942 2440 996 aut
2473 949 2628 1000 non

544 1047 910 1116 notatum,
958 1042 1077 1098 aut
1110 1028 1289 1097 male
1328 1042 1648 1095 notatum
1679 1078 1698 1109 ‚
1748 1018 1832 1095 id·
1868 1020 2262 1110 adscrlbeS,
2312 1022 2624 1114 Lefilor,

543 1124 905 1196 doflorum
928 1124 1251 1195 'virorum
1276 1174 1296 1205 ,
1329 1144 1500 1217 quos
1537 1134 1611 1192 u't
1648 1122 1928 1192 oracula
1970 1121 2412 1191 consulebam
2439 1172 2464 1209 ‚
2493 1125 2622 1194 aba

542 1223 845 1308 sentiae,
888 1219 963 1294 &
998 1244 1236 1305 meae,
1269 1239 1374 1288 tot
1410 1218 1915 1297 inminentibus
1945 1217 2271 1311 periculis
2302 1217 2619 1292 solicitu-

544 1320 715 1392 dini.
780 1321 957 1406 Sed,
984 1339 1057 1388 ut
1096 1343 1183 1390 eo
1220 1316 1399 1388 unde
1437 1315 1761 1409 excellit,
1787 1314 2031 1386 redeat
2065 1317 2335 1402 orati0,
2400 1341 2436 1388 a
2460 1318 2612 1391 Mi-

544 1418 927 1490 thridatico
974 1417 1354 1509 be110‚quo
1391 1412 1618 1509 Trogi
1646 1404 1855 1485 nostri
1893 1433 2161 1507 patrem
2185 1413 2331 1507 Jam
2365 1411 2612 1503 fuiss‘e,

545 1539 754 1588 nemo
803 1515 1227 1610 negaverit,
1290 1512 1376 1582 ad
1425 1506 1790 1583 Caesarem
1841 1511 2265 1604 Caligulam,
2329 1509 2485 1584 sunt
2537 1535 2619 1587 ut

545 1615 909 1686 minimum
942 1615 1104 1685 anni
1135 1630 1444 1683 centum.
1497 1607 1773 1684 Vixisse
1796 1631 1970 1703 ergo
1991 1610 2058 1679 T
2065 1632 2308 1706 rogum
2340 1609 2614 1700 indic0,

543 1710 840 1805 Augusti
871 1708 943 1781 δι
970 1706 1243 1782 Tiberii
1274 1708 1742 1799 temporibus:
1786 1708 2035 1802 quibus
2072 1705 2370 1779 floruisse
2402 1705 2476 1781 ἃ
2511 1708 2607 1807 Q.

545 1810 859 1881 Curtium
914 1806 1175 1879 Rufum
1217 1855 1238 1888 ,
1291 1824 1367 1877 ut
1414 1807 1501 1877 ab
1548 1803 2025 1880 humanissimo
2071 1802 2148 1878 ἃ
2202 1804 2618 1898 scriptorum

488 1906 505 1926 '
545 1929 868 1979 veterum
916 1898 1323 1998 peritiffimo
1372 1905 1449 1977 Ρ.
1483 1903 1778 1976 Pithoeo
1837 1902 2051 1975 didici
2096 1959 2116 1992 ,
2176 1903 2276 1976 ita
2330 1903 2614 1977 docebo

546 2004 632 2077 ad
669 2005 817 2098 ejus
856 2001 1194 2075 historias.
1307 2003 1591 2097 Trogus
1623 2006 1854 2072 autem
1891 2000 2120 2089 noster·
2151 2035 2196 2089 ,·
2222 2024 2430 2095 quum
2466 2001 2606 2075 for-

545 2122 618 2175 te
652 2100 968 2175 Sallustio
1013 2099 1090 2174 &
1127 2101 1335 2173 Livio
1393 2122 1502 2174 res
1551 2099 1799 2194 Populi
1836 2098 2144 2171 Romani
2184 2119 2604 2175 memoratas
2646 2124 2658 2145 ²

539 2202 861 2286 videret,
916 2198 1005 2273 ad
1051 2200 1394 2274 Graecam
1437 2194 1514 2273 &
1547 2197 1994 2294 peregrinam
2035 2193 2388 2269 historiam
2441 2199 2600 2272 scri·

540 2300 845 2375 bendam
877 2297 1225 2395 aggress'us
1257 2295 1380 2369 est.
1447 2297 1674 2390 Trogi
1709 2318 2020 2385 nomen,
2073 2295 2406 2385 arbitror,
2454 2300 2605 2369 bar-

540 2399 783 2473 barum
819 2421 835 2472 :
903 2398 1221 2494 Pompeji
1266 2397 1352 2468 ab
1385 2419 1524 2469 avo
1567 2391 1687 2468 est.
1790 2394 2121 2467 Solebant
2163 2395 2351 2468 enim
2399 2418 2603 2488 pere-

538 2498 725 2594 grini
778 2499 845 2566 in
887 2520 1131 2567 eorum
1176 2493 1461 2566 nomina
1514 2489 1856 2578 transire,
1920 2513 2209 2587 quorum
2258 2492 2601 2566 beneficio

544 2596 742 2690 cives
777 2594 985 2664 Rom.
1020 2609 1239 2664 erant.
1321 2590 1432 2662 M.
1471 2587 1724 2662 Cicero
1759 2591 1848 2663 ad
1885 2589 2189 2663 Acilium
2220 2587 2310 2662 de
2338 2591 2600 2663 Deme-

540 2690 675 2763 trio
710 2692 977 2780 Mega,
1032 2694 1095 2760 ei
1142 2687 1477 2760 Dolabella
1512 2740 1534 2775 ,
1598 2686 1824 2782 inquit
1861 2740 1882 2774 ,
1928 2704 2160 2782 rogatu
2195 2711 2331 2760 meo
2362 2693 2599 2760 civita-

540 2783 667 2860 t'em
695 2800 748 2860 'a
789 2784 1054 2882 Caesare
1084 2790 1503 2882 impetravzc:
1552 2808 1678 2880 qua
1717 2789 1786 2856 in
1824 2805 1894 2857 re
1930 2809 2042 2880 ego
2084 2784 2383 2883 interfici.
2459 2789 2598 2859 lta·

537 2910 654 2981 que
689 2908 853 2958 nunc
903 2885 979 2957 P.
1019 2888 1346 2957 Cornelius
1390 2902 1680 2958 vocatur.
1782 2884 1896 2956 M.
1951 2884 2186 2980 Varro
2230 2888 2348 2957 lib.
2392 2907 2463 2957 v.
2508 2887 2600 2958 de

537 2986 645 3057 L:
670 2986 747 3055 L.
791 2984 1113 3058 meminit
1147 2984 1506 3080 cujusdam
1553 2981 1648 3055 T.
1685 2978 2000 3081 Quinstii
2027 2981 2291 3077 Trogi:
2343 2979 2420 3056 ἃ
2455 2985 2600 3057 Ta·

542 3076 723 3156 'citus
774 3104 873 3154 xr.
933 3084 1191 3162 Annal.
1242 3081 1628 3156 Saufellum
1679 3080 1845 3177 (vel
1896 3097 1973 3151 ut
2017 3080 2074 3151 is
2115 3081 2228 3152 cui
2265 3103 2598 3176 magnam

464 3199 471 3206 ·
536 3195 813 3276 partem
847 3182 1128 3254 sulutem
1177 3179 1392 3252 debet
1430 3179 1726 3252 Tacitus
1742 3225 1768 3268 ,
1816 3174 2224 3276 Saufeium)
2278 3179 2602 3275 Trogum

543 3298 1095 3366 commemorat,
1149 3279 1266 3374 qui
1313 3274 1600 3350 fortaffe
1651 3278 1963 3349 Senecae
2014 3275 2115 3349 est
2156 3278 2265 3349 M.
2302 3277 2598 3362 Helvius

544 3378 847 3472 Trogus·
925 3375 1221 3449 Iustinus
1274 3375 1500 3469 Trogi
1559 3372 2048 3460 abbreviator,
2102 3397 2241 3474 quo
2283 3391 2600 3469 tempore

541 3476 801 3548 vixerit
832 3531 850 3561 ‚
902 3498 1041 3549 non
1078 3475 1301 3545 habeo
1337 3470 1611 3549 dicere:
1663 3469 1946 3544 fortasse
1995 3474 2144 3566 quis
2179 3496 2340 3544 eum
2383 3472 2597 3567 impe·

542 3576 655 3644 rio
702 3570 1378 3664 Constantinopolim
1436 3571 1771 3642 translato
1831 3566 2132 3659 floruiss‘e
2177 3571 2466 3666 colliget
2512 3593 2602 3644 ex

541 3670 689 3763 ejus
719 3671 897 3743 libro
928 3693 1093 3744 vm.
1144 3691 1355 3764 quum
1407 3668 1632 3763 inquit
1672 3722 1694 3756 ,
1745 3666 2087 3739 Graeciam
2137 3672 2338 3742 etiam
2384 3692 2594 3762 nunc,

543 3763 628 3848 ὃ*
681 3771 932 3848 viribus
987 3765 1071 3850 δέ)
1118 3768 1440 3860 dignitate
1494 3817 1520 3855 ,
1584 3769 1758 3837 orbis
1819 3780 2141 3838 terrarum
2204 3768 2596 3862 principem}

544 3886 723 3958 quae
768 3884 998 3938 tamen
1050 3866 1457 3961 conjectura
1512 3863 1691 3936 levis
1723 3860 1824 3935 est
1855 3863 2086 3935 nimis.
2188 3864 2379 3950 Nam
2414 3864 2600 3962 quod

596 3959 828 4033 uidam
878 3963 1281 4037 Methodici
1327 3958 1637 4034 claruiffe
1693 3983 1855 4031 eum
1918 3982 2118 4049 anno¹
2155 3960 2407 4035 Christi
2454 3965 2593 4036 CL.

573 4059 957 4156 cripserunt
987 4110 1017 4149 ,
1063 4060 1273 4138 nullo·
1309 4057 1592 4135 auflore
1636 4055 2100 4154 scripser'unt.:
2137 4060 2251 4151 ⁴131
2295 4081 2601 4169 errorem

2499 4177 2602 4235 m·
