2894 4823
481 325 575 378 m
637 307 1101 401 Jusrmuu
1162 307 1355 379 Lrn.
1426 305 1651 379 XIX.
1722 306 1913 380 Cn».
1968 307 2025 380 Ι.
2182 315 2325 401 895

263 483 394 556 perii
411 473 583 556 fines,
628 478 701 551 ὅ)
734 482 945 539 bellicae
984 482 1186 558 gloriae
1230 481 1412 539 laudes
1442 479 1779 558 creverunt]
1835 482 1931 540 Pr.
1961 480 2122 540 Med.
2155 483 2322 542 Bodl.

268 557 368 616 sec.
401 558 563 615 Leid.
583 561 784 634 gloriae
809 562 975 631 primo
1002 559 1179 614 laudes
1207 576 1346 616 crev.
1381 561 1563 634 quint.
1591 563 1804 619 bellicae
1829 561 2322 635 primogloriael.c.

344 651 467 691 xxx.
515 652 562 691 1.
610 637 947 708 1.·Viresque
990 636 1231 691 civitatis
1274 654 1375 692 non
1416 638 1593 693 minus
1637 639 1866 695 bellandi
1896 649 2007 693 arce
2034 655 2186 710 quam
2214 640 2327 697 vir-

267 722 372 768 tute
394 708 750 844 firmassem}
778 711 865 767 Pr,
901 710 1065 767 Leid.
1094 711 1260 767 Bodl.
1275 710 1591 788 formaffet,
1630 713 1795 771 male.

337 804 463 844 xlx.
514 805 561 845 1.
607 805 659 845 2.
753 805 809 843 er
835 782 1067 860 vestigia
1091 799 1334 859 paternae
1361 792 1582 845 virtutis
1614 787 2003 865 clecurrentes‚]
2036 790 2188 848 Saxo
2223 789 2324 848 lib.

272 879 318 920 1.
353 880 485 937 pag.
517 872 573 923 6.
605 881 678 920 m.
717 866 870 937 cujus
899 859 1125 934 mirifica
1156 864 1350 920 indoles
1393 868 1470 922 ita
1500 878 1743 940 paternas
1782 870 2012 924 virtutes
2056 866 2318 934 redoluit,

263 951 322 995 ut
347 945 554 1012 prorsus
586 953 678 1014 per
722 957 898 996 earum
934 935 1162 1013 vestigia
1206 940 1476 997 decurrere
1512 954 1803 1015 putaretur.
1857 943 1911 1000 ὅ(
1940 943 2035 1001 lib.
2067 958 2145 1000 xl.
2191 960 2322 1018 pag.

269 1030 391 1086 177.
430 1015 471 1074 f.
502 1029 595 1090 per
622 1019 763 1073 aviti
790 1019 986 1090 negotii
1011 1012 1241 1091 vestigia
1271 1017 1521 1074 decurrit.

333 1108 462 1150 xxx.
511 1109 559 1150 1.
605 1108 655 1162 7.
697 1092 863 1166 Cujus
890 1103 1100 1150 mortem
1126 1111 1243 1150 cum
1278 1093 1445 1150 lucius
1474 1091 1711 1153 civitati}
1733 1137 1752 1165 ,
1793 1107 1903 1153 tum
1935 1091 2009 1164 ὅ)
2037 1094 2325 1154 άίᾶαεαναε

260 1168 503 1226 undecim
546 1166 621 1238 ὅ)
663 1167 913 1241 triumphi
986 1180 1174 1225 uatuor
1213 1167 1471 1246 insignem
1495 1169 1747 1248 fecere.]
1793 1170 2047 1229 Medicei
2077 1215 2094 1242 ‚
2136 1172 2320 1246 Magl.

260 1246 440 1378 qenint.
490 1245 652 1304 Leid.
699 1245 866 1303 Bodl.
909 1261 941 1301 e
984 1287 1002 1305 .
1040 1246 1213 1304 Rom.
1256 1259 1370 1304 tum
1411 1247 1718 1307 diaaturae.
1763 1248 1869 1307 sec.
1913 1246 2078 1311 Leid.
2126 1253 2314 1308 trium·

325 1341 344 1378 ι
382 1339 470 1380 xx.

253 1334 290 1395 p
329 1414 460 1455 xrx.
507 1415 561 1456 1.
601 1404 654 1459 8.
697 1399 878 1456 Veluti
892 1417 1009 1456 cum
1026 1398 1152 1456 duce
1181 1403 1327 1456 vires
1342 1399 1632 1457 Poenorum
1659 1399 2005 1478 cecidiffi’nt]
2024 1403 2322 1461 Ed.Rom.

262 1476 432 1531 veluti
448 1473 504 1551 fi
528 1494 645 1532 cum
676 1475 728 1533 d.
764 1476 1000 1535 Bechar.
1029 1476 1179 1534 Flor.
1200 1475 1363 1534 Med.
1394 1476 1562 1535 Paris.
1583 1477 1882 1555 Ald.Junt.
1914 1497 1969 1536 v.
2003 1497 2049 1537 c.
2065 1480 2119 1540 d.
2149 1479 2323 1539 va-

254 1568 338 1606 res
367 1551 718 1628 concidissent.
758 1552 925 1611 Paris.
958 1570 1148 1611 errore
1179 1555 1630 1629 typographioe,
1667 1553 2024 1631 condidissent.

330 1641 466 1685 xrx.
513 1646 559 1685 1.
608 1646 693 1685 10.
735 1627 856 1712 Quo
907 1628 1073 1687 Poeni
1111 1631 1362 1688 humanas
1404 1627 1592 1706 hostias
1646 1633 1909 1689 immolare
1943 1675 1959 1701 ,
2014 1628 2089 1701 ὃ)
2136 1635 2327 1690 canina

256 1701 400 1777 vesci
439 1705 836 1775 prohibebamur
864 1725 882 1761 .·
918 1720 1325 1780 mortuorumque
1373 1720 1580 1782 corpora
1624 1725 1850 1765 cremare
1894 1711 2070 1782 potius
2100 1751 2115 1776 ,
2171 1728 2324 1782 quam

261 1793 408 1834 terra
439 1781 652 1836 obruere
681 1800 714 1836 a
744 1799 806 1852 re⁸
839 1799 864 1838 e
915 1781 1282 1859 'ubebantur.]
1325 1785 1505 1860 Magi.
1552 1783 1642 1842 ed.
1687 1785 1858 1843 Rom.
1903 1786 2138 1844 Bechar.
2173 1789 2320 1844 Ven.

259 1856 416 1912 Flor.
455 1855 620 1912 Med.
653 1856 782 1912 Pari
812 1899 826 1913 .
961 1860 1295 1914 Vincentius
1340 1860 1435 1917 lib.
1470 1878 1556 1917 ιν.
1589 1878 1713 1934 cap.
1752 1877 1839 1931 71.
1885 1858 1959 1931 ὅ)
1988 1866 2178 1920 canina
2203 1881 2320 1920 car-

256 1951 322 1990 ue
353 1929 499 2007 vesci
525 1945 605 2004 pr.
643 1932 823 1989 Periz-
857 1934 1028 1991 nescit
1074 1936 1306 1990 verbum
1343 1937 1761 2006 prohibebantur.
1834 1938 1985 1996 Dein
2018 1957 2099 2013 pr.
2133 1955 2319 2013 quart.

255 2007 424 2066 Leid.
469 2009 697 2065 Thuan.
731 2009 979 2067 C011.N.
1019 2009 1108 2067 ed.
1130 2011 1301 2065 Rom.
1340 2024 1655 2067 mortuorum
1683 2031 1869 2087 quoque
1900 2017 2319 2087 corporeamagl.

256 2085 330 2153 &²
360 2098 571 2159 corpora
599 2104 788 2158 quoque
825 2100 1153 2142 mortuorum,
1195 2086 1374 2142 Periz.
1405 2093 1496 2144 ed.
1528 2088 1760 2144 Bcchar.
1802 2091 1945 2146 Ven.
1975 2091 2125 2148 Plor.
2158 2092 2320 2150 Med.

259 2160 427 2220 Paris.
475 2175 790 2220 mortuorum
828 2176 1052 2237 cors-ora.
1132 2163 1468 2219 Vincentius
1502 2182 1517 2222 τ
1544 2163 1961 2238 jubebanturque
2005 2179 2321 2224 mortuorum

260 2254 466 2313 corpora
516 2258 741 2295 cremare
770 2252 818 2310 p.
855 2260 900 2313 q.
931 2254 971 2297 t.
1002 2260 1045 2296 o.
1107 2240 1469 2296 Nobilxssimo
1510 2254 1679 2313 atque
1710 2240 2059 2314 Ampliffimo
2088 2245 2232 2299 Viro
2269 2244 2320 2319 J.

261 2334 370 2372 van
403 2315 619 2391 Nispen
651 2316 705 2372 in
738 2316 1156 2393 Disput.Jurid.
1183 2320 1382 2390 Inaug.
1418 2316 1490 2374 de
1514 2316 1787 2392 Sepulcro
1818 2318 2038 2375 violato
2070 2335 2195 2393 cap.
2233 2337 2321 2377 10.

265 2411 357 2469 que
408 2395 466 2451 in
522 2411 671 2468 quam
715 2408 950 2469 propter
1006 2393 1348 2469 praecedens
1405 2397 1582 2469 potius
1624 2396 1695 2452 ab
1741 2394 2151 2469 interpolatore
2203 2415 2325 2471 per·

262 2485 455 2546 peram
487 2483 797 2539 mutatum,
838 2486 1011 2545 atque
1056 2471 1271 2529 idcirco
1310 2473 1404 2529 hic
1450 2471 1607 2528 locus
1637 2473 1715 2529 ita
1745 2471 2128 2534 emendandus
2161 2472 2213 2530 ἃ
2245 2476 2324 2532 in·

261 2547 683 2623 terpungendus
717 2547 1058 2607 videbatur:
1106 2547 1245 2627 vesci
1277 2551 1674 2623 prohibebantur
1712 2562 2120 2624 mortuorumque
2156 2565 2325 2624 corpo-

261 2644 321 2682 ra
381 2643 612 2683 cremare
635 2665 656 2694 ‚
707 2627 970 2699 potiusque
1007 2639 1148 2683 terra
1192 2630 1401 2683 obruere
1441 2646 1475 2683 a
1519 2644 1641 2699 rege
1680 2628 2015 2699 jubebantur.
2104 2629 2323 2686 Eadem

263 2718 497 2776 quoque
531 2703 848 2772 conjectura
881 2705 936 2760 in
969 2704 1081 2761 hoc
1117 2703 1249 2760 loco
1272 2702 1620 2759 restituendo
1657 2702 1782 2760 usus
1812 2702 1922 2760 fuit
1950 2706 2173 2762 Furens,
2216 2706 2326 2761 Ce-

262 2790 443 2836 terum
476 2779 844 2837 Kirchmanni
874 2778 1365 2846 emend-itionem,
1408 2796 1554 2850 quae
1592 2779 1945 2837 Berneccero
1987 2797 2102 2837 non
2136 2782 2320 2855 displi-

262 2857 456 2921 cebat,
499 2855 727 2913 calculo
757 2855 855 2912 suo
893 2858 1232 2929 comprobat
1264 2855 1352 2912 Cl.
1379 2853 1692 2911 Heindrich
1737 2856 1795 2910 in
1838 2856 2104 2927 Carthag.
2130 2857 2321 2931 Repu-

262 2931 404 2988 blica
441 2933 543 2991 lib.
579 2948 664 2988 11.
719 2931 839 2987 sect.
877 2948 923 2989 r.
966 2949 1087 3005 cap.
1122 2949 1174 3001 9.
1225 2947 1350 2988 eam
1380 2947 1519 2987 vero
1554 2932 1838 3002 improbat
1885 2933 1942 2987 in
1971 2932 2217 3005 Epistola
2248 2934 2320 2992 ad

259 3008 389 3067 Nic.
427 3007 685 3067 Crassum
712 3010 1008 3081 Pignorius
1038 3009 1135 3066 lib.
1173 3024 1222 3066 1.
1255 3008 1445 3081 Symb.
1478 3004 1648 3082 Epist.
1669 3010 1758 3065 28.
1790 3024 1915 3079 pag.
1941 3023 2067 3078 104.
2110 3010 2187 3066 ita
2223 3026 2315 3066 au·

266 3096 375 3141 tem
411 3090 497 3145 vir
539 3085 634 3143 ille
658 3084 1087 3144 eruditiffimus:
1127 3128 1164 3153 ‚‚
1214 3085 1650 3161 ScioJoannem
1667 3082 2107 3141 Kirchmzmnum
2150 3085 2318 3144 lib.1.

261 3204 298 3230 „
338 3162 409 3221 de
440 3166 649 3221 Funer.
680 3162 990 3220 Romanor.
1024 3180 1147 3237 cap.
1183 3179 1270 3220 11.
1329 3159 1633 3218 verborum
1679 3159 2114 3217 collocationem
2145 3171 2323 3220 trans-

257 3278 301 3307 „
338 3239 616 3313 posuisse,
654 3239 1069 3315 reposuiffeque
1109 3238 1257 3314 apud
1300 3236 1572 3314 Justinum
1605 3280 1621 3306 ,
1663 3249 2070 3311 mortuorumque
2113 3251 2322 3312 corpora

263 3354 302 3382 ‚‚
334 3331 472 3375 terra
500 3316 710 3375 obruere
741 3319 948 3391 potius,
1001 3335 1154 3390 quam
1203 3333 1428 3373 cre-trare
1471 3335 1505 3371 a
1544 3333 1667 3388 rege
1689 3312 2026 3446 (jubebantur.
2105 3315 2320 3373 Verum

261 3431 307 3458 „
344 3410 468 3451 cum
512 3409 629 3465 ego
667 3392 971 3452 abstineam
1012 3393 1081 3449 ab
1126 3394 1232 3451 hac
1286 3394 1682 3464 metamorpbo
1707 3406 1755 3460 1,
1795 3389 2089 3464 perpendo
2131 3402 2322 3450 tamen

263 3508 307 3535 ,,
344 3469 626 3528 Herodoti
678 3471 852 3529 verba
875 3512 893 3540 ‚
935 3472 1030 3543 qui
1066 3469 1163 3526 lib.
1200 3487 1293 3527 111.
1333 3469 1501 3543 (cap.
1537 3469 1667 3540 16.)
1725 3483 1955 3525 narrans
2006 3465 2322 3543 Cambysen

273 3581 316 3611 ‚‚
350 3545 543 3615 jussisse
573 3591 588 3615 ‚
631 3561 692 3604 ut
731 3547 1004 3606 Amafidis
1050 3546 1291 3604 cadaver
1339 3556 1680 3603 cremaretur
1708 3587 1724 3611 ,
1782 3542 1989 3614 adjecit
2037 3545 2207 3618 impie
2242 3544 2321 3603 fe·

274 3658 315 3688 „
354 3621 495 3680 ciffe.
543 3624 735 3694 Persas
774 3626 1147 3683 enim-Deum
1183 3626 1376 3695 Ignem
1420 3622 1527 3680 effe
1564 3622 1854 3689 arbitrari,
1886 3619 2134 3692 Ideoque
2164 3621 2320 3682 nefas

269 3737 309 3764 „
349 3696 454 3753 ess'e
481 3700 613 3757 Deo
637 3699 856 3776 depasci
896 3700 1168 3759 cadavere
1197 3701 1475 3760 bominis:
1516 3698 1883 3772 quamobrem
1913 3698 2105 3769 Ignem
2139 3698 2336 3772 inqui-.

270 3815 309 3841 ‚‚
355 3789 487 3832 nare
513 3776 764 3837 arbitrati
812 3779 935 3836 sunt
973 3778 1053 3835 illi
1087 3780 1202 3853 ipsa
1242 3792 1423 3835 morte
1456 3776 1712 3833 acerbius
1744 3818 1758 3841 ,
1802 3786 1864 3830 ut
1906 3775 2091 3847 inquit
2129 3778 2318 3835 nescio

269 3891 309 3919 υ
352 3853 477 3924 quis
508 3855 654 3929 apud
676 3855 903 3914 Suidam
922 3857 978 3912 in
998 3845 1284 3912 voce''Avd.·
1305 3898 1318 3922 ,
1349 3854 1532 3927 deque
1563 3853 1673 3908 hoc
1693 3853 1838 3923 Ignis
1857 3850 2008 3906 cultu
2029 3852 2175 3925 apud
2191 3854 2325 3912 Per.

263 3969 307 3995 ,.
353 3927 431 3985 sas
463 3945 575 3988 non
595 3930 844 4007 estquod
862 3932 1217 4003 dimite-mm,
1250 3931 1662 4005 quandoetiatn
1683 3928 1794 4000 ipse
1814 3926 2021 3984 Ctefias
2053 3931 2105 3985 in
2125 3946 2319 3987 excer-

256 4045 299 4078 „
334 4006 451 4082 ptis
480 4008 739 4079 Perfici5‚
777 4010 830 4069 ἃ
861 4009 1175 4070 Clitarchus
1213 4008 1360 4085 apud
1389 4006 2013 4083 DiogenemLaertium
2042 4004 2100 4063 id
2132 4006 2322 4138 ‘epm

2116 4121 2156 4153 ‚,
2216 4096 2318 4144 snt.
