2894 4823
437 184 589 278 626

448 393 596 464 tes,
662 376 781 474 qui
810 391 1103 471 propter
1143 368 1704 468 magnitudinem
1752 367 1832 444 ἃ
1875 391 2099 467 aquae
2147 369 2532 449 immobili·-

452 492 675 546 tatem
738 477 1088 548 Mortuum
1135 494 1312 544 mare
1343 467 1624 546 dicitur.
1729 475 1758 525 ⁷
1804 469 2005 543 Nam
2032 494 2266 569 neque
2297 476 2535 548 ventis

454 591 827 661 movetur,
875 569 1235 645 resistente
1260 566 1658 639 turbinibus
1690 565 2038 641 bitumine
2071 624 2094 660 ,
2168 595 2310 667 quo
2355 594 2547 668 aqua.

394 687 405 697 ·
457 672 686 743 omnis
737 670 1143 767 stagnatum
1222 688 1449 761 neque
1499 665 1982 764 navigationis
2029 668 2311 762 patiens
2369 669 2473 743 est
2511 719 2549 760 ‚

467 770 803 863 quoniam
839 768 1077 841 omnia
1113 767 1262 840 vita
1297 762 1612 836 carentia
1638 763 1712 837 in
1741 762 2170 860 profundum
2205 789 2542 863 mergun-

460 882 622 953 tur3
671 889 804 940 nec
849 863 1217 939 materiam
1247 862 1458 935 ullam
1486 858 1772 935 sustinet
1803 913 1832 952 ,
1894 860 2021 937 nisi
2068 888 2248 961 quae
2292 866 2542 940 alumi·

461 985 555 1036 ne
584 963 911 1037 illinatur.
1013 956 1043 1005 ⁸
1088 961 1401 1035 Primum
1443 958 1751 1050 Xerxes,
1796 982 1923 1033 rex
1952 963 2308 1036 Persarum
2340 1019 2362 1050 ‚
2413 965 2539 1061 Ju-

464 1060 675 1135 daeos
726 1061 1048 1135 domuit:
1116 1057 1359 1155 postea
1398 1062 1558 1130 'curn
1595 1056 1753 1153 ipsis
1804 1056 2019 1133 Persis
2062 1060 2137 1135 in
2191 1061 2543 1136 ditionem

467 1159 860 1234 Alexandri
896 1159 1157 1255 Magni
1190 1178 1453 1231 venere
1471 1210 1492 1243 ,
1539 1155 1798 1252 diuque
1812 1157 1885 1230 in
1903 1157 2255 1253 potestate
2281 1161 2540 1235 Mace·

469 1255 714 1331 donici
742 1256 1029 1355 imperii
1057 1253 1353 1354 subjezffi
1380 1252 1622 1352 Syriae
1653 1276 1878 1353 regno
1911 1254 2135 1330 fuere.
2209 1268 2242 1352 3
2289 1258 2357 1331 A
2389 1260 2543 1370 De-

2272 1374 2534 1431 mettio

1115 197 1841 298 Jusrru·t

475 1569 572 1618 hoc
606 1571 724 1618 loco
761 1570 824 1619 de
849 1563 1119 1629 Asphaltite
1146 1567 1287 1626 lacu,
1314 1572 1465 1638 quem

474 1646 586 1680 cum
621 1635 828 1681 Sithone
871 1635 1080 1681 eundem
1112 1631 1279 1677 facere
1324 1628 1465 1674 vide·

474 1705 553 1741 tur
601 1697 771 1746 Strabo
808 1696 893 1743 lib.
928 1706 1034 1742 xvt.
1079 1705 1187 1750 pag.
1222 1700 1333 1745 525.
1375 1700 1455 1744 27.

474 1768 587 1804 cum
626 1771 715 1805 eos
752 1759 1003 1815 distinguat
1036 1755 1214 1801 Plinius
1250 1765 1302 1798 v·
1352 1763 1464 1810 cap.

1539 1563 1765 1616 Bccharii
1781 1602 1800 1629 ,
1823 1566 2085 1630 illustretur.
2127 1568 2406 1627 Utrumque
2425 1577 2542 1626 per·

1541 1643 1716 1689 peram
1754 1633 1987 1690 scriptum
2031 1632 2229 1680 videtur
2258 1644 2351 1692 pro
2383 1634 2540 1679 illuu-

1541 1705 1649 1752 tur,
1690 1695 1824 1752 quod
1854 1695 1973 1742 teste
2031 1694 2249 1743 Graevio
2288 1694 2541 1742 manifeste

1541 1757 1594 1805 in
1614 1755 1838 1806 editione
1864 1757 2064 1820 Juntiua
2081 1757 2151 1805 est
2170 1791 2189 1817 ,
2217 1758 2265 1804 δι
2294 1771 2320 1805 a
2340 1756 2541 1813 Maiore

476 1831 552 1874 13.
598 1831 671 1874 ¹5·
731 1820 804 1867 16.
853 1821 1116 1866 BoNGARs.
1180 1815 1322 1863 Adde
1374 1815 1472 1862 Ta·

477 1883 631 1929 citum
664 1882 784 1929 Hist.
811 1895 859 1938 v,
898 1882 946 1930 6.
974 1879 1248 1927 Diodorum
1263 1888 1367 1925 xxx.
1384 1880 1468 1937 98.

440 1943 739 2007 ‘josephum
779 1945 841 1993 de
870 1944 1012 1992 Bello
1044 1943 1156 2005 Jud.
1188 1955 1238 1990 v.
1259 1951 1304 1995 5.
1336 1940 1472 1988 BER-

478 2020 599 2055 NEC.
628 2010 760 2057 MSS.
799 2010 845 2055 &
867 2009 1074 2070 Juntae:
1121 2007 1178 2052 In
1217 2019 1272 2054 σα
1298 2006 1472 2065 regione

475 2073 597 2119 lacus
645 2072 706 2130 est
739 2072 1026 2134 Asphaltites.
1088 2068 1227 2130 Quos
1273 2065 1470 2125 sequor.

479 2134 539 2181 In
588 2138 839 2184 nonnullis
875 2135 1010 2183 MSS.
1049 2131 1151 2180 est:
1207 2131 1472 2191 Malanga

479 2196 542 2257 est
576 2201 697 2248 lacus
728 2198 1017 2262 Asphaltites.
1062 2196 1262 2243 GRAssv.
1298 2193 1471 2254 ‡„Codi-

481 2273 569 2308 ces
618 2263 817 2322 quidam
867 2261 1001 2308 MSS.
1029 2271 1155 2316 quos
1187 2257 1473 2318 Bongarfius

477 2319 633 2385 vidit,
667 2327 714 2373 δι.
761 2324 888 2384 typis
925 2320 1172 2382 exprcffus
1199 2320 1474 2381 juntarum,

480 2385 637 2445 ipsum
657 2391 791 2437 lacus
824 2398 1007 2435 nomen
1037 2383 1256 2433 additum
1276 2383 1475 2440 habent,

480 2449 757 2513 Asphaltites
772 2463 904 2510 puta.
916 2451 1101 2497 vous-r.
1121 2444 1320 2494 Addunt
1337 2445 1472 2492 MSS.

485 2513 533 2558 ἃ
570 2515 797 2577 Juntinus
823 2514 949 2560 liber
968 2545 986 2572 ,
1011 2510 1282 2571 Asphaltites
1299 2539 1317 2567 ,
1336 2506 1474 2566 quod

482 2575 700 2624 Graevio
734 2577 985 2635 probatur.
1011 2576 1214 2620 Scussrr.

550 2648 597 2694 7.
625 2636 918 2701 stagnatur]
948 2637 1059 2683 Hoc
1091 2636 1159 2682 est
1178 2667 1196 2694 ‚
1222 2634 1477 2692 munitur,

481 2699 722 2761 firmatur,
761 2703 1108 2757 induraturque
1125 2730 1141 2757 ,
1170 2709 1197 2744 a
1216 2698 1478 2758 coyntae«,

479 2767 565 2810 vel
601 2767 858 2825 ennacos,
889 2772 940 2809 ut
971 2764 1137 2819 placet
1169 2760 1396 2807 Salmafio
1419 2757 1481 2805 ad

476 2819 696 2878 Solinuui
731 2840 781 2887 p.
819 2834 929 2883 577.
971 2823 1198 2873 Bennec.
1235 2822 1484 2872 Graecum

482 2891 553 2939 est
573 2924 592 2948 ‚
620 2890 840 2952 ςσγαιόα.
879 2891 1062 2937 Fauen.
1350 2934 1351 2939 ,

550 2954 658 3006 Nisi
690 2970 805 3017 quac
838 2954 1032 3002 alumine
1063 2946 1317 3011 fllfnaetur]
1345 2949 1479 2996 MSS.

487 3021 574 3081 nist
604 3026 720 3083 quac
745 3020 938 3065 alumine
970 3015 1240 3074 illustratur.
1301 3013 1478 3073 Juntae

489 3095 604 3139 cum
638 3081 889 3130 nonnullis
933 3090 1053 3126 vett.
1085 3079 1198 3125 edd.
1249 3075 1336 3134 nise*
1365 3090 1479 3135 quae

485 3149 682 3197 alumine
699 3147 926 3193 inuratur.
951 3142 1097 3202 Quod
1129 3150 1228 3188 non
1248 3138 1478 3183 damnem

489 3222 697 3257 temere.
757 3209 948 3255 Eodem
1013 3201 1154 3251 sensu
1194 3205 1344 3248 lutare
1383 3212 1477 3256 pro

484 3272 661 3321 illinere
707 3272 837 3321 Pers.
869 3274 962 3319 Sat.
983 3274 1059 3314 m.
1093 3279 1197 3326 104.
1229 3262 1482 3324 Conpofitm

484 3338 593 3385 1030
629 3370 646 3396 ‚
691 3335 916 3397 craffisqao
951 3333 1120 3378 lutatus
1163 3328 1354 3399 auertit.
1419 3326 1482 3374 Et

481 3401 686 3449 deiurare
714 3398 894 3447 Catoni
929 3395 992 3441 de
1029 3394 1106 3440 Re
1140 3390 1337 3438 Rustica
1368 3399 1479 3447 cap.

493 3468 604 3511 128.
658 3464 708 3509 Se·
755 3461 1069 3511 habitationem
1120 3456 1323 3504 delutan
1355 3454 1423 3499 vis
1458 3483 1477 3511 ,

481 3538 659 3574 terram
692 3541 824 3586 quam
856 3524 1044 3571 maa-Inte
1068 3516 1253 3577 lutosam
1275 3516 1352 3563 vel
1397 3531 1477 3561 rna

484 3588 695 3645 brie-osani
717 3589 880 3648 firmite
898 3622 915 3648 ‚
951 3602 997 3632 eo
1047 3596 1272 3629 amurcam
1320 3575 1476 3637 infim-

482 3654 580 3702 dito
613 3685 630 3707 ‚
649 3654 804 3709 paleas
847 3652 990 3698 indito
1010 3680 1027 3703 ‚
1060 3645 1275 3706 finitoque
1298 3644 1476 3704 quatri·

487 3717 623 3762 duum
649 3713 912 3774 fraujin,
940 3711 1030 3759 rubi
1077 3712 1182 3755 benc
1215 3707 1479 3769 fiacuers‘t,

486 3789 617 3825 rutro
650 3777 879 3833 concidito,
907 3778 983 3823 ubi
1008 3771 1241 3821 concideris
1260 3804 1277 3829 ,
1303 3769 1480 3816 delata-

487 3853 548 3889 ιο.
581 3840 778 3884 ΟιιΑεν.
838 3838 1053 3885 Codices
1088 3837 1287 3892 quidam
1341 3833 1478 3880 MSS.

487 3901 609 3950 teste
643 3899 900 3959 Bongarfio
921 3934 937 3955 ,
966 3901 1052 3960 nlst
1080 3914 1193 3959 quae
1233 3899 1368 3944 alum.
1417 3898 1477 3944 1²1-

487 3964 724 4027 ltstraetur.
788 3960 849 4009 Et
883 3974 1027 4013 vetus
1064 3961 1197 4022 typis
1230 3958 1479 4021 exprefl‘m

1544 1821 1664 1869 item
1706 1831 1854 1879 atque
1887 1820 2118 1870 sichardo
2161 1819 2459 1880 adscriptum
2491 1821 2542 1868 in

1545 1881 1780 1942 margine.
1808 1885 1994 1933 vous-r.
2056 1884 2232 1946 Juntae
2261 1885 2308 1932 ἃ
2335 1879 2542 1942 impreffi

1548 1947 1748 2006 quidam
1782 1958 1980 1995 veteres
2027 1947 2242 2005 babent,
2285 1949 2542 2007 ittuntur,

1549 2011 1683 2070 quod
1718 2010 1840 2057 aCl.
1878 2011 2097 2057 Graevlo
2127 2011 2362 2067 probatur
2382 2044 2399 2069 ‚
2419 2022 2546 2067 quo·

1548 2074 1679 2123 niam
1698 2073 1846 2124 latare
1868 2085 1961 2131 pro
1976 2074 2150 2120 illinere
2175 2074 2306 2131 apud
2330 2074 2540 2121 Persium

1551 2138 1599 2186 δι
1635 2137 1880 2183 Catonem
1912 2147 2111 2194 quoque
2153 2139 2417 2194 reperitur.
2482 2140 2548 2183 At

1551 2199 1603 2249 in
1624 2199 1757 2246 MSS.
1794 2198 1971 2257 legitur
1998 2196 2298 2260 inlustratur,
2340 2200 2403 2247 de
2442 2211 2546 2257 quo

1550 2260 1659 2322 ipso
1681 2273 1883 2320 quoque
1909 2261 2104 2309 forsitan
2139 2273 2241 2309 nou
2269 2265 2401 2311 male
2437 2260 2547 2309 sen-

1551 2325 1789 2374 tiendum.
1840 2323 2000 2384 Lustra
2054 2322 2192 2371 enim
2253 2325 2324 2372 est
2375 2340 2402 2374 a
2438 2327 2549 2386 ln,

1550 2388 1688 2448 quod
1720 2386 1880 2448 prima
1923 2385 2264 2447 fignificanone
2295 2388 2379 2437 sua
2409 2387 2546 2437 idem

1552 2452 1646 2500 effe
1685 2464 1745 2499 ac
1777 2452 1917 2512 lave,
1957 2450 2142 2499 constat
2186 2454 2270 2499 vel
2318 2465 2383 2499 ex
2414 2464 2552 2499 eom·

1549 2513 1719 2575 pontis
1735 2514 1878 2572 ipfius
1897 2516 2057 2574 abluo,
2081 2516 2208 2575 elno,
2236 2515 2283 2562 δι
2303 2513 2556 2566 limitibus.

1551 2578 1685 2627 Hinc
1698 2575 1882 2635 inlustre
1908 2610 1926 2636 ‚
1952 2578 2119 2625 imbuo
2138 2610 2156 2637 ‚
2188 2577 2236 2623 δι
2260 2576 2554 2636 frequenter

1554 2644 1672 2690 lavo
1691 2674 1710 2701 ‚
1736 2652 1862 2699 quae
1889 2639 2163 2699 fignificatio
2198 2652 2301 2689 non
2334 2641 2405 2690 est
2431 2643 2556 2690 alie·

1556 2717 1621 2753 na
1651 2705 1712 2753 ab
1747 2706 1844 2751 hoc
1879 2705 2014 2752 loco.
2042 2705 2247 2753 Seuer-r.

1621 2769 1668 2816 8.
1695 2769 1897 2816 Pri-nm
1929 2764 2137 2829 Xerxes]
2177 2766 2328 2825 Atqui
2358 2767 2554 2818 Xerxe!

1558 2842 1809 2888 nunquam
1859 2830 2044 2878 bellum
2093 2828 2249 2877 movit
2294 2831 2496 2891 Judaels
2531 2862 2552 2891 ‚

1560 2905 1735 2954 utpote
1771 2891 1853 2950 qui
1889 2905 1917 2939 a
1959 2893 2137 2950 cyro„
2180 2891 2345 2951 primo
2383 2893 2554 2942 Persa·

1554 2970 1662 3008 rum
1693 2967 1807 3014 rege
1828 2989 1844 3012 ,
1870 2955 2064 3004 Perfice
2104 2954 2314 3014 imperio
2351 2956 2552 3016 semper

1553 3023 1748 3071 fuerant
1788 3016 2033 3072 subiesti:
2062 3019 2108 3066 δι
2138 3020 2249 3077 plus
2287 3030 2378 3074 ¹50
2409 3020 2551 3069 annis

1555 3095 1668 3133 ante
1727 3082 1978 3139 Xerxem,
2033 3081 2391 3130 Chaldaeorum
2461 3094 2551 3130 rex

1553 3143 2016 3196 Nabuchodonosor
2062 3155 2138 3195 ter
2170 3144 2430 3194 domuerat
2465 3146 2557 3207 Ju-

1555 3211 1712 3257 daeos
1733 3241 1751 3267 ‚
1780 3208 1826 3256 &
1864 3208 1914 3255 in
1950 3206 2234 3255 servitutem
2277 3210 2549 3265 redegerat.

1555 3272 1784 3321 Bituniae.
1842 3271 1972 3328 Lege
1991 3281 2104 3317 cum
2135 3272 2326 3333 Juntls:
2369 3274 2554 3320 Ρήιιευ

1553 3351 1640 3383 rex
1656 3334 1894 3393 Persarum
1928 3334 2122 3396 Judam
2143 3334 2323 3382 danie.
2341 3336 2550 3385 GRABV.

1555 3399 1801 3447 Graevius
1832 3397 2089 3455 legendum
2120 3393 2289 3445 suadet
2326 3410 2392 3445 ex
2427 3398 2550 3459 Jun-

1555 3462 1675 3520 tina‚
1695 3463 1872 3509 Prinas
1890 3475 1971 3507 rex
1999 3459 2256 3521 Persium,
2274 3459 2440 3509 omissa
2459 3474 2556 3511 vo·

1553 3536 1614 3572 ce
1641 3527 1826 3572 Xerxes.
1855 3525 2058 3570 Seuer-r.

1612 3590 1794 3636 Primus
1841 3587 2011 3634 Xerxes
2066 3598 2150 3631 rex
2181 3584 2420 3643 Persian-
2458 3588 2556 3650 Jnd

1551 3646 1678 3699 dacos
1708 3646 1908 3712 donauit]
1969 3648 2081 3695 Hoc
2112 3645 2285 3697 falsum
2324 3661 2389 3696 ex
2424 3648 2557 3707 ipsa·

1553 3724 1657 3760 met
1688 3709 1880 3760 historia
1913 3711 2227 3773 Judaeorum.
2256 3710 2361 3771 (ita
2382 3724 2552 3761 tamen

1551 3775 1604 3823 in
1645 3776 1760 3822 edit.
1805 3775 2061 3897 {nutarunt
2106 3773 2175 3819 est
2206 3807 2224 3833 ‚
2269 3786 2323 3821 ut
2381 3775 2553 3824 scribit

1555 3838 1813 3886 Graevius.
1880 3839 1942 3885 al.
1976 3838 2175 3884 Pre'm
2190 3869 2374 3885 ......
2409 3839 2551 3897 quod

1550 3913 1658 3947 non
1715 3901 1874 3947 minus
1910 3913 1936 3946 a
1967 3910 2093 3948 vero
2135 3911 2380 3947 remotum
2441 3902 2554 3961 est,

1551 3974 1719 4030 quam·
1738 3963 1862 4014 illud
1890 3964 2122 4013 alterum.
2150 3963 2335 4012 Fam.

2339 4025 2555 4090 μω
