2894 4823
507 229 646 308 660
1181 225 1899 322 Just-rur

514 402 655 476 trio
689 457 710 485 ,
743 420 917 498 rege
949 398 1225 495 Syriae,
1253 423 1379 493 per
1414 399 1682 496 legatos
1707 395 1937 496 petit3
1989 397 2184 493 cujus
2216 394 2427 494 ipsius
2456 417 2568 473 va·

520 501 609 574 rii
655 498 732 571 ἃ
779 498 1266 573 memorabiles
1312 499 1502 570 casus
1552 497 1769 569 fuere.
1874 507 1902 541 ²
1952 496 2283 591 Namque
2325 499 2568 570 Deme·

526 601 741 686 triu3‚
813 617 889 669 ut
934 594 1129 689 supra
1169 595 1427 667 dictum
1484 592 1623 681 est,
1688 618 1848 666 cum
1881 595 2132 667 bellum
2171 595 2445 666 Parthis
2477 597 2577 666 in·

529 693 825 782 tuliffet,
876 692 951 766 &
984 693 1222 764 multis
1261 691 1854 788 congresfionibus
1888 689 2115 763 victor
2148 690 2426 779 suisset,
2467 689 2573 764 're-

526 812 746 889 pente
790 789 1043 864 insidiis
1097 790 1626 862 circumventus
1662 842 1687 879 ,
1752 787 1990 861 amisso
2034 791 2354 862 exercitu
2390 790 2580 881 capi·

529 911 658 963 tur.
761 896 788 948 ³
834 888 964 961 Cui
1022 886 1387 960 Arsacides
1446 888 1860 959 Parthorum
1923 909 2044 960 rex
2079 937 2104 978 ,
2194 907 2454 984 magno
2499 885 2580 959 &

525 985 726 1083 regio
758 986 994 1058 animo
1025 1040 1045 1073 ,
1097 983 1293 1058 misso
1342 986 1411 1057 in
1457 985 1891 1082 Hyrcaniam
1943 1007 2083 1055 non
2120 988 2385 1057 cultum
2426 1003 2582 1056 tan·

526 1104 676 1157 tum
713 1086 981 1180 regium
1021 1081 1403 1178 praestitit3
1456 1082 1567 1156 sed
1599 1079 1672 1155 ἅ
1706 1082 1913 1155 filiam
1944 1083 2013 1154 in
2052 1083 2582 1155 matrimonium

526 1181 761 1269 dedit,
823 1204 1255 1277 regnumque
1307 1179 1584 1276 Syriae,
1633 1179 1816 1277 quod
1847 1202 1970 1274 per
2000 1181 2380 1252 absentiam
2427 1179 2587 1273 ejus

532 1278 832 1376 Trypho
869 1297 1376 1376 occupaverat,
1422 1277 1893 1351 restituturum
1928 1278 2303 1371 promittit.
2352 1287 2386 1332 4
2419 1275 2587 1349 Post

525 1377 732 1473 hujus
788 1397 1092 1448 mortem
1135 1376 1500 1471 desperato
1561 1377 1786 1449 reditu
1815 1425 1836 1463 ,
1907 1397 2044 1447 non
2087 1375 2322 1447 ferens
2356 1376 2581 1468 capti·

521 1476 825 1549 vitatem
865 1476 1303 1559 Demetrius,
1353 1474 1741 1567 privatam,
1808 1470 1929 1547 etfi
1966 1475 2419 1568 opulentam,
2468 1475 2575 1545 vi-

525 1589 670 1645 tam
705 1574 1055 1668 pertaesus
1081 1625 1101 1657 ,
1171 1571 1425 1643 tacitus
1461 1568 1531 1641 in
1562 1592 1855 1665 regnum
1891 1567 2135 1665 fugam
2166 1571 2572 1644 meditatur.

526 1677 554 1723 5
604 1672 954 1742 Hortator
1021 1669 1116 1740 illi
1161 1664 1236 1739 ἅ
1279 1689 1520 1739 comes
1564 1667 2035 1741 Callimander
2081 1669 2345 1740 amicus
2387 1687 2572 1741 erat:

523 1767 641 1862 qui
673 1764 825 1860 post
867 1766 1355 1860 captivitatem
1385 1763 1532 1859 ejus
1562 1790 1601 1838 a
1630 1766 1826 1862 Syria
1857 1787 1982 1861 per
2011 1764 2317 1838 Arabiae
2346 1764 2573 1838 deser·

527 1881 643 1950 ta,
711 1862 1003 1935 ducibus
1049 1862 1349 1957 pecunia
1386 1864 1826 1959 comparatis
1857 1913 1882 1951 ‚
1947 1863 2272 1935 Parthico
2329 1862 2577 1937 habitu

518 1961 948 2059 Babylonem
999 1980 1439 2055 pervenerat.
1542 1960 1572 2006 ⁶
1620 1961 1759 2034 Sed
1815 1958 2211 2056 fugientem
2265 1960 2590 2038 phraha-

525 2075 670 2150 teS,
737 2060 856 2156 qui
899 2058 1275 2132 Arsacidae
1318 2058 1767 2148 successerat,
1816 2059 2128 2159 equitum
2159 2059 2525 2132 celeritate
2552 2114 2577 2148 ,

519 2181 650 2253 per
686 2156 1221 2251 compendiosos
1262 2158 1576 2232 tramites
1612 2175 2028 2253 occupatum
2060 2157 2378 2232 retrahit,
2426 2158 2578 2229 ⁷Ut.

525 2254 627 2328 est
677 2254 1011 2329 deductus
1056 2254 1143 2326 acl
1204 2278 1440 2350 regem
1470 2308 1498 2346 ,
1583 2253 2041 2327 Callimandro
2093 2255 2376 2350 quidem
2427 2279 2571 2329 non

517 2370 790 2426 tantum
826 2354 1078 2442 venia,
1127 2374 1372 2424 verum
1415 2353 1629 2426 etiam
1669 2354 2053 2449 praemium
2086 2353 2253 2428 fidei
2290 2353 2567 2428 datum:

522 2452 972 2524 Demetrium
1035 2467 1274 2521 autem
1341 2447 1416 2522 ἅ
1473 2452 1784 2547 graviter
1825 2450 2233 2546 castigatum
2274 2455 2359 2525 ad
2399 2476 2571 2526 con·

512 2546 759 2645 jugem
789 2549 858 2619 in
894 2547 1323 2642 Hyrcaniam
1355 2547 2208 2645 remittit,artioribusque
2236 2549 2574 2622 custodiis

516 2644 870 2715 observari
896 2647 1118 2740 jubet.
1220 2643 1248 2691 ⁸
1296 2644 1672 2743 Interjeclm
1704 2646 1964 2720 deinde
1994 2667 2355 2743 tempore,
2404 2673 2575 2721 cum

520 2741 733 2815 fidem
785 2741 881 2813 illi
918 2743 1130 2815 etiam
1172 2740 1467 2839 suscepti
1498 2745 1696 2817 liberi
1734 2743 2086 2830 facerent,
2125 2747 2374 2819 eodem
2394 2748 2572 2818 ami-

525 2863 614 2915 co
658 2840 962 2927 comite,
1024 2844 1331 2935 repetita
1376 2841 1546 2940 fuga
1592 2841 1738 2917 est:
1801 2842 1927 2914 sed
1967 2845 2119 2939 pari
2148 2843 2578 2917 infelicitate

2345 2966 2580 3039 prope

585 3090 711 3139 Car.
736 3090 816 3140 lx.
847 3103 891 3139 2.
921 3093 980 3140 Ue
1027 3090 1172 3151 βψω
1203 3093 1366 3141 diem
1404 3092 1505 3157 est]
1585 3089 1779 3153 330022.
1852 3094 1923 3143 Ea
1973 3106 2102 3142 voce
2151 3094 2430 3154 {impliciter
2476 3095 2580 3144 uti·

523 3154 721 3205 ’cilicet
761 3168 944 3202 xxxvi.
986 3167 1028 3201 1.
1058 3155 1281 3202 Brumae.
1580 3167 1659 3203 tur
1690 3169 1891 3216 quoque
1940 3156 2108 3207 Livius
2159 3170 2287 3206 xxu.
2326 3168 2400 3213 13.
2438 3159 2486 3206 6.
2520 3161 2575 3207 se

590 3229 636 3273 s.
664 3218 937 3279 Arsacides]
1005 3216 1155 3265 Error
1194 3219 1450 3275 pudendus
1481 3232 1499 3276 3
1577 3217 1854 3269 Suetonius.
1889 3219 2032 3269 Caes.
2063 3233 2139 3276 31.
2173 3232 2215 3276 3.
2235 3219 2578 3271 Recentiores

518 3279 614 3338 leg.
652 3279 855 3338 Arsaces.
901 3281 966 3327 Ita
1009 3280 1129 3328 alibi
1170 3282 1420 3342 justinus,
1453 3282 1500 3329 δι
1579 3283 1756 3330 Gracci
1787 3296 1880 3341 pro
1913 3280 2088 3345 o'snyoi'·
2121 3284 2351 3331 dixerunt
2395 3286 2580 3332 snaed-

516 3354 601 3390 res
650 3344 880 3390 notissima
931 3342 1015 3390 est.
1081 3345 1227 3391 Unde
1289 3356 1389 3392 xm.
1453 3356 1501 3397 5.
1577 3343 1705 3405 ζου,
1734 3346 1779 3392 δι
1811 3346 1963 3393 duces
1999 3346 2111 3393 viae
2139 3359 2377 3394 vocarunt
2393 3348 2579 3396 saw-2

519 3406 653 3465 Cujus
695 3410 926 3454 memoriae
955 3408 1068 3453 hunc
1111 3408 1307 3454 honorem
1335 3409 1505 3455 Parth·
1579 3424 1700 3464 ene,
1729 3409 1846 3456 item
1874 3408 2141 3461 iuncis-ae.
2207 3410 2420 3456 Utuntur
2449 3410 2494 3455 δι
2522 3410 2580 3458 in

519 3471 776 3517 tribuerunt
816 3503 833 3531 ‚
881 3480 932 3515 ut
988 3486 1127 3516 omnes
1176 3471 1330 3516 exinde
1383 3485 1504 3531 reges
1578 3469 1799 3518 Latinum
1854 3483 2084 3529 corrupta
2149 3484 2278 3518 voce
2334 3470 2584 3533 sxa-'mo

507 3530 611 3590 fios
627 3532 809 3589 Arfim's
837 3534 1004 3579 novusne
1036 3544 1293 3593 nuncupem.
1315 3533 1505 3583 FABER.
1578 3531 1765 3582 Meurs.
1812 3533 2013 3581 Gloss'ar.
2050 3533 2383 3582 Graecobarb.
2432 3533 2580 3583 BER-

576 3592 706 3651 Mrffl
741 3598 789 3642 In
820 3594 1126 3657 Hyrcaniam]
1154 3598 1289 3654 supr.
1328 3608 1506 3645 xxxvt.
1577 3605 1695 3643 NEC.
2499 3642 2514 3649 -

518 3663 563 3699 1.
582 3653 630 3700 6.
648 3655 823 3704 Similis
846 3659 1209 3715 magnanimitas
1237 3659 1506 3709 Alexandri
1642 3660 1688 3706 6.
1722 3657 2005 3721 Arsbcidae]
2054 3659 2335 3719 Legendum
2372 3693 2391 3720 ,
2418 3657 2584 3716 Arsi-

514 3724 586 3761 xr.
609 3727 657 3773 9.
683 3729 754 3770 rs.
783 3719 1006 3769 Reum-ze.
1062 3756 1067 3763 ,
1576 3725 1634 3770 ci.
1665 3722 1845 3770 Fauen.

582 3788 626 3831 s.
655 3838 667 3854 Ι
695 3782 1039 3846 Gallimauder]
1117 3783 1212 3830 Hic
1284 3783 1499 3845 josepho
1635 3798 1682 3841 7.
1716 3786 1970 3832 Praemium
2002 3783 2116 3844 filei
2131 3784 2154 3848 ]
2201 3784 2363 3833 simile
2393 3800 2578 3839 exem.

509 3845 883 3903 Χαλκιμινδςφν
905 3846 1334 3896 ἀίςίωιπῦκοκον.
1366 3845 1494 3899 δαῖε
1570 3850 1708 3905 plum
1747 3848 1808 3894 dc
1849 3848 2124 3895 Mithridate
2151 3848 2194 3895 δι
2226 3848 2380 3896 Attuii
2412 3854 2576 3900 libcr-

504 3900 715 3951 bendum
756 3905 1068 3956 Callimander.
1103 3909 1290 3961 FAmtn.
1568 3908 1671 3971 tis,
1716 3907 1861 3959 babet
1895 3910 2152 3971 Appianas
2201 3911 2420 3960 Mithrid.
2453 3926 2571 3971 233.

563 3964 804 4032 Ducs'bus]
831 3968 947 4018 Scit.
1000 3970 1110 4020 viae
1161 3972 1247 4021 seu
1301 3966 1493 4029 itineris
1562 3984 1643 4033 pr.
1680 3972 1727 4021 δι
1762 3976 1905 4034 plura
1942 3973 1996 4022 in
2029 3973 2156 4023 banc
2181 3986 2288 4023 rem
2316 3976 2560 4039 Gruterus

2376 4036 2568 4088 Differ-
