2894 4823
664 277 804 361 896
955 268 1047 341 A.
1155 266 1873 341 GRoNovrr
1978 268 2402 342 Nor-Ar:

652 486 692 519 „
737 445 860 504 smt.
931 441 1134 519 Itaque
1172 445 1228 501 in
1257 460 1378 500 eam
1413 441 1745 501 sententiam
1793 443 2054 519 impellor
2082 489 2098 513 ‚
2152 455 2214 502 ut
2247 442 2493 502 existimem
2518 441 2613 500 Da-

656 566 698 594 „
738 526 886 581 rium
915 523 1026 579 boc
1058 520 1253 594 juffiss'e
1288 523 1342 578 in
1375 519 1568 577 odium
1588 521 1917 593 Magorum,
1934 537 2076 595 quos
2118 520 2230 578 fere
2259 521 2323 578 ad
2355 522 2612 578 internecio·

654 641 696 672 ‚,
736 616 868 658 nem
896 598 1238 663 caeciderat,
1272 598 1466 669 (huuc
1488 597 1639 653 enim
1674 596 1830 654 iilum
1861 598 2123 655 eumdem
2147 598 2248 655 ess'e
2275 596 2511 671 arbitror)
2542 595 2617 667 qui

738 680 904 735 etiam
937 673 1149 732 Festum
1168 673 1600 747 Magophoniae
1641 671 1976 741 instituerit,
1997 676 2151 746 cujus
2191 676 2513 732 meminerunt
2534 673 2618 728 He-

736 753 973 810 rodotus
1006 747 1301 808 &Ctefia
1340 750 1649 822 Magorum
1681 761 1865 807 autem
1899 749 2208 809 institutum
2235 751 2333 809 fuit
2346 752 2470 823 Ignis
2493 763 2618 804 vene·

739 831 882 886 ratio
910 867 927 894 ,
970 827 1054 883 uti
1093 836 1257 882 notat
1283 825 1571 887 Maximus
1599 827 1848 901 Tyrius»,
1904 826 1958 885 δι’,
2005 845 2038 885 e
2082 826 2457 900 recentioribus
2491 823 2617 883 Daie-

734 903 1017 977 champius
1051 900 1124 958 ad
1155 903 1550 971 Athenaeum,
1593 902 1925 962 sirmondus
1976 902 2050 961 ad
2089 904 2398 975 Sidonium,
2431 902 2474 959 6:
2497 901 2618 958 Otho
2654 901 2659 908 ‘

733 980 1020 1040 Heurnius
1073 979 1132 1036 in
1177 977 1380 1036 Indico
1420 995 1544 1053 cap.
1579 985 1669 1041 28.
1739 981 1948 1055 Neque
1996 979 2120 1038 sane
2159 981 2311 1039 Persa
2349 996 2445 1038 non
2477 972 2619 1035 fuit&

734 1054 1071 1131 CambyseS,
1113 1057 1244 1129 qui,
1288 1069 1350 1113 ut
1376 1055 1622 1113 vidimus
1649 1097 1670 1126 ,
1711 1055 1954 1114 cadaver
1990 1058 2112 1130 Igui
2161 1057 2359 1129 objecit
2390 1053 2617 1129 depascen-

732 1135 887 1192 dum.
960 1132 1070 1189 Vel
1101 1134 1269 1190 etiam
1312 1131 1394 1207 (sl
1426 1131 1531 1190 tibi
1566 1129 1762 1191 Amice
1791 1148 1907 1190 non
1950 1130 2391 1208 improbabitur)
2426 1132 2514 1189 leni
2536 1143 2617 1185 ma-

734 1229 811 1269 nu
834 1207 1365 1285 emendoJustinum
1387 1249 1405 1278 ‚
1426 1221 1490 1265 ut
1526 1207 1789 1267 videlicet
1813 1209 2088 1284 scripserit
2110 1211 2256 1268 :dam
2283 1212 2391 1268 haec
2485 1219 2615 1270 untur,
2732 1229 2737 1248 ·

651 1330 691 1360 „
731 1290 898 1363 legati
925 1306 959 1342 a
985 1285 1160 1342 Dario
1202 1283 1484 1364 Persarum
1516 1303 1638 1361 rege
1678 1286 2052 1362 Carthaginem
2093 1301 2336 1345 venerunt
2358 1330 2373 1354 ,
2408 1227 2619 1361 offertum

653 1405 695 1436 ,‚
735 1363 956 1422 edilium
982 1406 996 1431 ,
1037 1380 1132 1436 quo
1169 1361 1338 1420 Poeni
1379 1362 1629 1419 humanas
1673 1358 1859 1438 hostias
1900 1367 2166 1422 immolare
2195 1405 2214 1434 ,
2250 1361 2319 1433 ὅ)
2343 1365 2498 1420 canina
2518 1353 2618 1432 vesci

651 1484 694 1514 „
735 1438 1165 1516 prohibebamur,
1197 1451 1605 1512 mortuorumque
1635 1452 1841 1514 corpora
1877 1459 2108 1498 cremare
2132 1484 2147 1508 ‚
2185 1459 2305 1515 quae
2329 1435 2616 1496 terraobrum

653 1561 694 1589 „
734 1538 767 1575 a
804 1535 927 1593 rege
947 1514 1280 1590 Jubehantur.
1357 1515 1474 1573 Hic
1504 1514 1713 1573 nullam
1746 1518 2133 1588 trajectionem
2164 1515 2442 1575 verborum
2473 1509 2613 1576 vides,

654 1638 694 1666 „
737 1596 852 1653 imo
908 1589 1369 1668 percommodum
1413 1589 1646 1648 sensum.
1750 1593 1830 1651 At
1873 1592 2336 1652 ohnmitiantibus
2387 1587 2606 1649 omnibuS,

657 1715 696 1743 ‚,
737 1682 1021 1746 quotquot
1073 1684 1181 1740 ego
1234 1665 1474 1725 viderim
1505 1708 1523 1735 ‚
1577 1669 1995 1743 exemplaribus
2025 1714 2041 1740 ,
2081 1671 2274 1745 religio
2310 1670 2427 1727 mihi
2463 1663 2522 1722 est
2548 1660 2614 1716 ali·

653 1791 695 1818 „
736 1747 872 1821 quid
909 1748 964 1800 in
999 1743 1215 1820 Justino
1244 1755 1480 1800 mutare.
1558 1743 1694 1821 Quo
1724 1747 1875 1804 circa
1904 1749 2189 1821 vulgatam
2223 1748 2479 1805 lectionem
2514 1737 2613 1797 solli·

651 1867 693 1894 „
732 1820 1015 1880 citandam
1043 1836 1159 1877 non
1190 1830 1360 1895 puto;
1402 1832 1525 1878 tum
1555 1822 1689 1893 quia
1717 1822 1920 1880 Persae
1951 1841 2192 1900 corpora
2234 1837 2399 1882 terrae
2423 1835 2515 1876 non
2542 1812 2613 1869 ob-

650 1942 693 1971 „
733 1897 972 1956 ruebant
999 1940 1014 1965 ,
1058 1910 1119 1955 ut
1163 1895 1281 1955 fuse
1333 1896 1585 1971 explicat
1622 1912 1694 1954 ex
1736 1898 2022 1971 Agathiae
2064 1901 2159 1959 lib.
2188 1918 2252 1959 11.
2293 1896 2527 1960 Heumius
2557 1889 2613 1944 io·

653 2018 693 2047 „
738 1991 810 2033 co
883 1975 1060 2032 citato
1089 2017 1106 2044 ,
1164 1987 1282 2031 tum
1358 1975 1495 2048 quia
1539 1989 1639 2031 rex
1707 1974 1883 2033 tafikus
1940 1976 2092 2036 forte
2162 1977 2296 2035 odio
2353 1976 2617 2046 Magorum,

650 2094 692 2127 ‚,
739 2049 1026 2127 cambysis
1055 2052 1229 2109 etiam
1264 2048 1524 2125 exemplo
1552 2092 1569 2119 ,
1610 2048 1663 2107 δι
1694 2050 1919 2110 alterius
1976 2056 2310 2130 cuiupiam,
2345 2065 2403 2108 ut
2440 2046 2617 2105 vidimus

657 2172 699 2205 ,‚
734 2147 911 2264 Εεῖιεε
949 2127 1190 2187 Ctefiam
1219 2170 1234 2197 ,
1288 2127 1495 2186 Poenis
1526 2128 1732 2185 exteris
1768 2127 2104 2190 hominibus
2148 2128 2349 2206 aliquid
2386 2123 2531 2184 voluit
2557 2119 2612 2174 ia

675 2253 690 2278 ‚
775 2225 808 2264 u
870 2223 983 2266 ere.

651 2251 669 2278 ⁹
726 2224 868 2341 xrxg
901 2300 954 2341 2.
1002 2301 1049 2342 1.
1092 2279 1396 2358 Imilcone.]
1437 2286 1526 2344 Pr.
1564 2279 1727 2344 Med.
1754 2281 2115 2345 Himilchone.
2160 2283 2211 2342 ὅ(
2240 2284 2354 2358 §.7.
2388 2270 2614 2359 Hamilcbf»,

654 2361 837 2437 Magi,
866 2360 1141 2419 Amilcone
1164 2402 1179 2429 ,
1220 2359 1274 2418 ἃ.
1301 2359 1557 2420 Himilco.
1600 2361 1779 2437 quint.
1813 2361 1983 2420 Leid.
2022 2363 2322 2423 Amilchone
2348 2403 2363 2426 ,
2400 2355 2443 2415 &
2463 2348 2617 2413 Hemll·

650 2439 759 2495 cho.
839 2438 1016 2495 Periz.
1044 2438 1395 2506 Hamilcone,
1446 2439 1500 2496 δι
1527 2439 1782 2497 Himilco.
1858 2441 2234 2508 Vincentius,
2287 2438 2512 2496 Yvulcone.
2540 2426 2615 2482 Be·

654 2516 806 2570 char.
838 2513 1114 2570 Almia-one
1141 2552 1161 2581 ‚
1216 2510 1270 2569 δι
1307 2513 1554 2571 Almico:
1597 2532 1789 2573 verum
1822 2534 1944 2590 cap.
1982 2518 2092 2591 seq.
2121 2517 2170 2591 §-
2216 2533 2260 2574 1.
2317 2518 2538 2586 imperator
2556 2499 2615 2557 Α·

648 2592 803 2645 mileo
822 2586 1036 2666 sordida
1062 2587 1166 2646 ἃς.
1207 2590 1318 2646 Hic
1350 2590 1462 2647 dux
1477 2590 1692 2648 Melcho
1721 2594 2036 2667 appellatur
2064 2611 2095 2650 a
2128 2591 2421 2666 Freculpho
2446 2604 2477 2642 1.
2503 2592 2615 2669 nysi·

569 2680 576 2685 ’
647 2666 805 2735 cujus
837 2675 1073 2736 uterque
1118 2664 1304 2721 codex
1351 2666 1513 2725 Leid.
1555 2665 1800 2742 praefert
1834 2670 2157 2729 Himilcho:
2236 2662 2459 2725 uomodo
2492 2668 2617 2714 enam

647 2744 761 2799 hoc
806 2756 1016 2799 nomen
1051 2740 1312 2816 scriptum
1344 2743 1423 2801 est
1458 2746 1517 2803 in
1552 2744 1836 2820 plerisque
1865 2746 2037 2806 MSS.
2056 2748 2181 2805 Oro
2205 2750 2242 2804 li
2271 2743 2360 2802 lib.
2378 2758 2443 2797 rv.
2470 2752 2563 2808 cap.
2577 2735 2617 2788 6

651 2819 708 2875 in
741 2818 896 2888 cujus
941 2817 1233 2875 noviffima
1274 2819 1531 2879 editione
1576 2839 1701 2898 pag.
1733 2830 1863 2881 226.
1935 2825 2103 2882 Nota
2147 2824 2231 2881 Cl.
2281 2818 2620 2880 flammarum,

652 2911 797 2968 quae
841 2910 1142 2969 operarum
1186 2912 1376 2955 errore
1424 2897 1662 2970 subJ‘esta
1706 2898 1785 2955 est
1830 2898 2017 2959 verbis
2067 2898 2253 2971 Orofli
2282 2941 2297 2967 ,
2334 2884 2620 2965 ducensuum

649 2972 947 3043 Mauram,
986 2971 1181 3030 referri
1224 2972 1395 3034 debet
1442 2974 1515 3033 ad
1558 2972 1630 3028 τὶι
1671 2975 1855 3033 Imilco
1881 2996 1977 3034 rex
2007 2978 2252 3051 Car-chag.
2282 2989 2398 3030 nam
2424 2966 2621 3050 Maezftffl

655 3066 728 3105 eo
790 3049 922 3105 loco
985 3049 1307 3108 constanter
1355 3052 1771 3126 repraesentant
1818 3051 2004 3111 Orofii
2070 3053 2236 3112 MSS.
2291 3044 2555 3109 Florentinr
2584 3032 2622 3090 ἃ

648 3125 982 3192 Leidenses,
1025 3143 1092 3182 ac
1133 3127 1472 3202 Freculphus
1502 3146 1543 3187 1.
1577 3145 1668 3186 111.
1704 3134 1787 3192 18.

667 3220 676 3239 ’
716 3217 850 3258 xxx.
893 3217 946 3259 2.
992 3219 1043 3259 2.
1083 3201 1301 3278 Sappho]
1343 3204 1829 3280 Medicei‚Magl.
1867 3220 1950 3283 pr.
1985 3217 2112 3265 tert.
2132 3205 2306 3281 quint.
2325 3195 2467 3260 Leid.
2493 3183 2621 3251 Bodl·

648 3274 743 3335 ed.
773 3279 922 3335 Ven.
950 3278 1099 3336 Flor.
1141 3278 1270 3337 Ald.
1297 3280 1447 3355 Junt.
1490 3280 1671 3359 Sopho.

715 3368 849 3411 xxx.
896 3371 949 3411 2.
992 3370 1044 3424 3.
1083 3353 1195 3412 Per
1226 3356 1312 3414 hos
1356 3376 1436 3414 res
1477 3358 1977 3438 Carthaginiensium
2023 3378 2084 3418 ea
2123 3372 2222 3417 tem
2255 3351 2398 3432 eston
2427 3341 2627 3425 ἔθηκ’·

645 3428 796 3506 run]
835 3429 1087 3488 Medicei
1119 3473 1135 3499 ,
1176 3433 1358 3504 Magi.
1394 3434 1499 3493 sec.
1532 3439 1710 3509 quint.
1739 3437 1903 3495 Leid.
1948 3438 2126 3496 Periz.
2167 3454 2196 3493 c
2239 3479 2252 3493 .
2280 3430 2488 3491 Bcchar.
2512 3421 2625 3477 Ven-

645 3510 796 3567 Flor.
828 3506 996 3566 Paris.
1026 3508 1156 3567 Ald.
1222 3524 1340 3567 unt.
1372 3511 1698 3588 regebantur.
1770 3513 1934 3572 Med.
1962 3513 2250 3590 regebatur.

714 3600 842 3641 xxx.
886 3600 938 3641 2.
988 3599 1033 3655 7.
1076 3584 1156 3642 Pe
1205 3589 1382 3644 ilentis
1419 3587 1617 3664 sideris
1661 3593 1724 3647 vi
1759 3594 2043 3649 exercitum
2083 3583 2308 3665 omilin]
2357 3581 2467 3641 Sec.
2494 3563 2622 3631 Med·

641 3673 699 3733 11.
716 3658 909 3735 sideris
936 3662 1021 3718 lue
1049 3680 1223 3720 exerc.
1259 3684 1310 3720 a.
1343 3666 1527 3738 quint.
1559 3664 1725 3724 Leid.
1748 3662 2040 3800 pgiilenria
2056 3665 2246 3744 sideris
2272 3680 2349 3719 ex.
2377 3677 2424 3715 a.
2505 3729 2516 3739 .
2552 3724 2563 3736 ,

718 3750 852 3822 arx.
892 3752 944 3793 2.
987 3741 1038 3798 8.
1079 3736 1234 3817 Quae
1261 3758 1342 3797 res
1369 3760 1485 3798 cum
1514 3746 1755 3801 nuntiata
1825 3744 2092 3820 arthagini
2117 3738 2381 3817 effetmoe
2421 3732 2623 3787 amm

631 3807 788 3887 [ωτι
829 3816 998 3871 omnia
1020 3815 1306 3873 ululatibus
1334 3860 1350 3886 ,
1390 3837 1493 3875 non
1506 3819 1666 3895 ficus
1693 3820 1820 3896 acfi
1851 3818 1972 3876 urbs
2014 3818 2119 3895 ipsa
2151 3827 2297 3890 capta
2329 3830 2353 3868 e
2396 3820 2467 3877 τί,
2495 3790 2622 3877 ῥῖψ’

617 3884 866 3944 nobam:
906 3889 1107 3967 clausae
1135 3896 1375 3968 privatae
1403 3893 1661 3971 άοηιως]
1706 3896 1796 3954 Pr.
1813 3896 1975 3954 Med.
1997 3895 2159 3955 Bodl.
2187 3884 2609 3959 Carthaginem-,1³⁵

643 3962 747 4023 sec.
798 3972 927 4023 tert.
974 3982 1156 4041 quart.
1195 3968 1359 4032 Leid.
1398 3972 1628 4034 Thuan.
1690 3972 1837 4035 Coll.
1880 3973 1963 4035 N.
2006 3970 2093 4033 ed.
2142 3970 2305 4031 Rom.
2346 3959 2610 4080 Cartbaggg

655 719 696 750 ⁸3

647 797 694 1282 :333222

679 797 698 975 „⁹⁹
