2894 4823
638 303 1951 387 PRAEFAT10NEs
2184 298 2480 391 κη’

322 476 413 551 C.
446 475 795 568 Nepote,
847 469 924 545 δι
961 470 1251 564 Vellejo
1285 469 1688 560 Paterculo,
1737 470 2134 545 correxiffe.
2197 474 2398 548 HInc

323 576 689 667 impetum
736 571 895 665 cepi
939 592 1095 640 eam
1144 588 1364 643 totam
1405 592 1445 641 a
1481 570 1715 662 capite
1765 571 1851 641 ad
1889 572 2152 643 calcem
2202 595 2397 645 com-

380 672 652 743 onendi
688 692 851 741 cum
884 668 1182 763 vulgatis
1230 668 1443 741 libris.
1551 667 1720 739 Tuli
1759 673 2068 762 pretium
2111 692 2397 761 operae.

316 695 511 843 {Nion
570 790 796 863 pauca
855 766 1009 838 loca
1063 765 1165 837 ibi
1220 764 1588 837 emendata
1655 767 2037 862 leguntur,
2103 789 2280 863 quae
2326 768 2399 841 in

326 867 726 953 omnibus,
799 887 978 963 quae
1042 860 1630 936 circumferuntur
1681 864 2108 937 editionibus
2181 864 2332 939 aliis
2371 914 2401 954 ‚

324 988 517 1059 quae
560 965 638 1055 ‘in
695 985 937 1032 manus
984 959 1269 1054 quidem
1335 984 1527 1031 meas
1583 957 1662 1031 ἅ.
1719 959 2065 1057 Bongarfii
2127 962 2400 1037 incide-

326 1082 552 1149 runt,
600 1060 759 1132 sunt
791 1058 1002 1131 foede
1040 1059 1560 1144 contaminata3
1609 1058 1751 1130 five
1777 1063 2018 1132 luntae
2051 1058 2400 1133 vetustum

325 1158 805 1252 expresserint
863 1157 1181 1228 codicem
1239 1156 1537 1250 aliquem
1596 1177 1686 1227 ex
1757 1158 2401 1251 MagnixEtruriae

326 1258 562 1330 Ducis
606 1253 1047 1328 Illustriffima
1092 1254 1565 1342 Bibliotheca,
1615 1253 1920 1349 (aliquot
1954 1255 2143 1327 enim
2195 1254 2398 1351 hujus

326 1355 693 1445 scriptoris
728 1353 1140 1425 veterrimas
1168 1354 1608 1427 membranas
1652 1350 1753 1424 ibi
1785 1353 2039 1426 servari
2080 1377 2166 1426 ex
2203 1354 2399 1431 Viris

327 1453 565 1539 doctis
617 1449 915 1546 accepi)
968 1447 1110 1521 five
1162 1448 1416 1522 Aldum
1473 1449 1879 1522 Manutium
1946 1447 2074 1522 lint
2130 1449 2399 1543 secuti,

329 1549 532 1644 quod
580 1548 753 1620 mihi
802 1546 1303 1622 confirmarunt
1351 1547 1602 1631 amici;
1657 1546 1803 1641 ipse
1845 1549 2029 1620 enim
2064 1549 2402 1622 Aldinum

332 1650 600 1737 librum
655 1647 885 1717 adhuc
952 1645 1292 1737 inspicere
1335 1668 1473 1717 non
1532 1648 1755 1739 potui.
1859 1644 2211 1747 Quicquid
2265 1646 2402 1741 fit,

248 1822 257 1834 ‚
326 1748 654 1840 optimae
683 1745 844 1817 huic
870 1743 1314 1827 Florentinae
1342 1733 1677 1828 editioni,
1729 1765 1934 1839 quam
1968 1745 2215 1837 nuperi
2249 1744 2398 1821 edi-

335 1862 585 1934 ῑοτεε,
638 1843 820 1936 quod
871 1841 1043 1912 mihi
1098 1841 1329 1913 multis
1371 1840 1639 1913 constat
1691 1844 1963 1931 rebus,
2012 1865 2151 1913 non
2203 1842 2399 1916 vide·

339 1963 553 2029 runt,
604 1958 946 2035 quamque
990 1961 1150 2010 cum
1199 1940 1409 2011 multa
1454 1940 1585 2011 alia
1628 1939 2128 2017 commendant
2160 1992 2186 2028 ,
2247 1963 2398 2027 tum

339 2039 533 2135 quod
566 2039 939 2133 pleraeque
984 2039 1319 2130 probatae
1361 2036 1697 2110 lefflones
1728 2092 1747 2124 ,
1804 2060 1980 2133 quae
2033 2040 2107 2110 in
2144 2039 2257 2110 illa
2291 2063 2399 2111 re·

342 2137 747 2232 periuntur,
800 2158 1004 2207 manu
1038 2157 1467 2206 exaratorum
1504 2136 1881 2224 librorum,
1932 2136 2179 2228 quibus
2215 2140 2398 2209 Bonss

332 2233 594 2330 garsias
628 2234 703 2306 δι’
735 2233 1029 2305 Modius
1062 2231 1154 2304 uli
1195 2231 1348 2306 sunt
1370 2289 1390 2320 ,
1412 2231 1825 2304 aufloritate
1859 2230 2400 2321 confirmentur,

333 2335 719 2405 maximam
782 2351 1049 2423 partem
1097 2333 1443 2419 debetur,
1494 2329 1682 2425 quod
1732 2326 1859 2401 ista
1903 2329 2128 2401 editio
2174 2329 2405 2409 nostra

333 2429 491 2504 aliis
538 2432 785 2503 melior
831 2428 905 2502 δι
952 2429 1392 2507 emendatior
1442 2425 1765 2522 prodeat.
1870 2428 1973 2500 Ut
2005 2447 2178 2497 vero
2228 2429 2406 2502 ratio

332 2527 686 2604 constaret
726 2551 962 2600 eorum
998 2549 1174 2622 quae
1232 2527 1553 2616 mutavi,
1611 2547 1873 2621 paucas
1921 2524 2249 2620 quasdam
2285 2527 2405 2599 ad-

322 2625 480 2724 jeci
512 2644 761 2711 notas,
810 2626 1053 2728 quibus
1086 2628 1392 2698 breviter
1429 2624 1839 2697 mutationis
1886 2626 2123 2697 causas
2169 2626 2400 2699 reddi-

331 2726 408 2797 di
451 2774 478 2811 ‚
534 2719 614 2794 &
647 2722 876 2794 sontes
922 2723 1185 2815 aperui,
1291 2725 1500 2797 Haec
1553 2722 2013 2817 praefixeram
2056 2722 2403 2816 editioni,

316 2844 549 2920 quam
584 2843 767 2892 anno
804 2818 998 2915 hujus
1043 2820 1252 2893 seculi
1286 2843 1548 2894 va111.
1602 2822 2029 2917 publicatam
2079 2821 2400 2917 Trajeffl

318 2917 644 2995 nostrae.
695 2916 848 2989 Post
878 2924 1013 2990 hoc
1040 2938 1316 3012 tempus
1344 2920 1670 2990 certatim
1708 2917 1870 2991 clari
1904 2918 2235 3015 dofilique
2272 2923 2400 3004 hoi-

318 3018 571 3100 mines
614 3017 836 3086 varias
882 3017 1060 3109 apud
1111 3033 1360 3112 gentes
1406 3019 1698 3087 multum
1761 3014 1969 3088 studii
2016 3009 2400 3112 posuerunt

320 3118 397 3190 in
438 3108 847 3186 illustrando
879 3115 1169 3209 justino,
1278 3115 1356 3187 ln
1402 3113 1633 3187 Gallia
1678 3113 1786 3185 vir
1828 3115 2175 3208 elegantia
2206 3117 2400 3212 inge·

321 3213 430 3287 nii
472 3208 551 3284 ἃ
583 3209 937 3298 doctrinae
975 3216 1182 3304 copia
1217 3212 1547 3310 insignis,
1576 3212 1928 3306 mihique,
1977 3234 2136 3284 cum
2168 3214 2404 3305 super-
2479 3233 2482 3242 ⁴

326 3309 550 3402 esset,
606 3311 916 3397 amicus,
958 3308 1032 3387 <Sc
1066 3311 1329 3392 summe
1371 3332 1611 3393 carus,
1652 3310 2111 3404 Tanaquillus
2149 3312 2403 3399 Faber,

331 3407 661 3502 inprimis
707 3411 1067 3502 egregiam
1125 3410 1195 3482 ei
1244 3410 1537 3483 navavit
1597 3407 1891 3499 operam
1944 3407 2022 3479 in
2086 3407 2402 3482 editione

336 3503 820 3594 Salmurienli,
866 3530 1072 3600 quam
1103 3530 1289 3579 anno
1326 3529 1519 3581 um.
1571 3504 1988 3590 adornavit,
2055 3505 2275 3575 multa
2309 3505 2402 3579 la-

342 3603 428 3675 be
457 3605 731 3702 detersa
756 3654 782 3691 ,
835 3604 909 3676 δι
939 3604 1457 3678 obscurioribus
1499 3605 1670 3675 locis
1718 3604 1942 3674 multa
1978 3604 2132 3674 luce
2164 3600 2404 3694 perfu-

355 3695 451 3770 fis.
485 3702 493 3711 '
547 3703 624 3772 In
660 3701 1045 3774 Germania
1078 3702 1380 3797 Joannes
1414 3699 1740 3777 Vorstius
1778 3751 1804 3787 ,
1853 3698 2066 3771 variis
2114 3698 2405 3773 eruditis

360 3793 594 3887 ingenii
629 3800 1110 3872 monumentis
1144 3800 1480 3885 celebriS‚
1528 3820 1715 3871 anno
1754 3819 2013 3870 Lxxxn.
2054 3795 2403 3892 Justinum

359 3895 759 3971 ornatiorem
805 3893 1084 3991 Lipfiae
1115 3896 1303 3992 justit
1333 3899 1401 3970 in
1444 3890 1808 3989 publicum
1838 3897 2054 3967 exire.
2134 3896 2213 3967 In
2252 3918 2394 3993 quo

345 3986 665 4084 desideres
692 4052 718 4090 ,
768 3993 965 4098 quod
989 3996 1318 4082 meliores
1353 3992 1729 4084 lectiones,
1776 4011 1947 4089 quas
1969 4002 2071 4067 ‘ex
2110 3993 2403 4091 Juntina

814 4107 817 4112 ’
1819 4103 1826 4109 ’
2250 4107 2402 4165 non
