2894 4823
678 226 933 310 Lrn.
1032 233 1300 309 XLII.
1443 233 1704 309 Car.
1801 177 1949 311 lV.
2192 255 2332 334 701

300 407 576 501 partium
616 408 856 496 fuere,
907 405 985 480 ἃ
1022 430 1310 504 propter
1347 409 1733 483 amicitiam
1788 433 1946 482 cum
1992 410 2338 508 Pompejo

306 507 472 578 bello
519 508 1017 582 Mithridatico
1065 507 1374 603 junEtam
1409 559 1434 596 ‚
1501 506 1579 580 &
1613 528 1902 603 propter
1952 509 2157 581 Crafli
2210 534 2334 582 ne-

306 625 495 692 cem,
559 607 757 702 cujus
797 605 1013 676 filium
1065 607 1136 676 in
1187 607 1502 700 partibus
1554 601 2044 679 Caesariseffe
2096 607 2335 680 audie-

304 724 439 774 rant
471 728 492 791 ;
551 727 767 798 quem
808 702 1109 776 ultorem
1140 705 1352 797 patris
1400 701 1665 776 viflore
1694 702 1986 776 Caesare
2023 701 2337 780 futurum

303 818 429 872 non
472 800 909 873 dubitabant.
1009 799 1038 854 ⁷
1081 802 1322 895 ltaque
1364 799 1567 873 vietis
1615 801 1926 894 partibus
1967 801 2335 897 Pompeja-

302 896 435 984 ῃίε,
481 897 559 970 &
607 898 826 970 Caffio
874 893 950 968 ἃ
1006 899 1219 969 Bruto
1272 898 1528 970 auxilia
1576 899 1894 994 adversus
1938 898 2337 995 Augustum

300 989 368 1065 ἃ
410 995 805 1068 Antonium
855 992 1155 1083 misere3
1228 993 1303 1068 &
1352 995 1505 1089 post
1567 996 1733 1068 belli
1801 997 2019 1077 finem
2064 996 2333 1073 rursum

295 1092 554 1165 Pacoro
596 1094 821 1183 duce,
870 1093 1045 1165 inita
1090 1116 1251 1166 cum
1285 1092 1598 1165 Labieno
1632 1091 2010 1183 societate,
2060 1097 2336 1206 Syriam

298 1187 367 1262 ἃ
410 1190 645 1263 Afiam
704 1189 1122 1279 vastavere3
1183 1189 1542 1285 castraque
1588 1190 1917 1264 Ventidii
1942 1243 1971 1280 ,
2018 1214 2134 1286 qui
2176 1192 2337 1289 poss:

294 1288 581 1361 Cassium
616 1288 899 1362 absente
944 1290 1210 1361 Pacoro
1254 1288 1638 1361 exercitum
1684 1288 2079 1363 Parthicum
2126 1289 2333 1364 fude-

286 1406 437 1476 rat,
488 1411 741 1486 magna
784 1386 974 1459 mole
1021 1387 1545 1483 adgrediuntur.
1659 1380 1688 1431 ⁸
1734 1385 1871 1458 Sed
1926 1386 2075 1473 ille,
2128 1387 2332 1460 simu·

287 1484 428 1555 lato
467 1487 758 1572 timore,
806 1485 924 1558 diu
972 1486 1328 1559 continuit
1372 1483 1438 1556 se
1474 1536 1500 1574 ,
1562 1480 1642 1574 ἃ
1686 1482 2011 1557 insultare
2043 1483 2338 1559 Parthos

284 1582 767 1681 aliquantisper
810 1581 1035 1680 paffus
1076 1581 1197 1657 est.
1315 1582 1431 1656 Ad
1471 1581 1894 1679 postremum
1945 1583 2020 1654 in
2062 1572 2335 1656 securos

283 1679 644 1773 laetosque
681 1701 950 1774 partem
988 1681 1336 1777 legionum
1374 1678 1599 1755 emifit
1635 1704 1659 1768 3
1728 1702 2017 1776 quarum
2061 1681 2335 1777 impetu

279 1775 412 1848 fusi
460 1776 745 1864 Parthi,
795 1778 864 1850 in
915 1776 1186 1850 diversa
1228 1780 1488 1852 abiere.
1591 1788 1622 1837 ⁹
1671 1779 1965 1850 Pacorus
2008 1801 2170 1852 cum
2225 1777 2332 1851 fu-

270 1874 560 1970 gientes
600 1875 751 1947 suos
787 1873 1144 1962 abduxiss‘e
1176 1873 1407 1948 secum
1441 1879 1755 1970 legiones
1806 1875 2162 1950 Romanas
2204 1901 2333 1973 pu-

271 1988 509 2057 taret,
567 1969 785 2044 castra
807 1970 1172 2058 Ventidii‚
1219 1972 1440 2044 veluti
1467 1969 1608 2043 fine
1643 1969 2163 2060 defensoribus,
2211 1975 2329 2047 ad-

282 2070 627 2167 greditur.
733 2078 789 2112 ¹⁰
834 2069 1027 2140 Tum
1075 2067 1451 2140 Ventidius
1517 2068 1786 2164 reliqua
1842 2089 2039 2162 parte
2109 2071 2331 2167 legio·

281 2193 447 2243 num
488 2165 768 2256 emiss‘a,
818 2164 1219 2239 universam
1250 2165 1662 2238 Parthorum
1701 2186 1983 2236 manum
2028 2189 2187 2238 cum
2226 2193 2338 2240 re-

285 2290 375 2363 ge
408 2267 557 2364 ipso
588 2268 852 2339 Pacoro
885 2262 1289 2338 interfecit:
1343 2285 1478 2336 nec
1519 2260 1657 2335 ullo
1698 2263 1881 2334 bello
1921 2262 2157 2336 Parthi
2192 2288 2341 2337 um.-

287 2388 493 2461 quam
544 2365 769 2460 majus
825 2362 1079 2436 vulnus
1136 2379 1580 2456 acceperunt.
1693 2368 1746 2404 ⁸¹
1793 2360 2001 2435 Haec
2051 2385 2210 2435 cum
2259 2368 2337 2440 in

287 2463 563 2536 Parthia
611 2461 931 2536 nuntiata
988 2460 1204 2533 ess'ent
1235 2516 1255 2548 ‚
1311 2458 1589 2533 Orodes
1627 2474 1828 2554 pater
1877 2459 2164 2548 Pacori,
2214 2462 2336 2557 qui

288 2564 519 2655 paullo
581 2579 743 2633 ante
797 2558 1136 2633 vastatam
1183 2561 1496 2654 Syriam,
1548 2575 1961 2652 occupatam
2008 2558 2245 2632 Asiam
2294 2587 2340 2636 a

288 2659 555 2732 Parthis
585 2658 928 2747 audierat,
974 2656 1454 2752 viGtoremque
1480 2658 1813 2730 Pacorum
1844 2659 2334 2734 Romanorum

285 2758 746 2853 gloriabatur,
795 2770 1090 2849 repente
1125 2756 1252 2827 filii
1298 2773 1560 2841 morte,
1620 2750 1695 2826 &
1737 2757 2087 2829 exercitus
2132 2758 2338 2830 clade

287 2856 521 2928 audita
556 2909 576 2942 ‚
646 2876 736 2926 ex
782 2854 1028 2927 dolore
1083 2847 1156 2922 in
1210 2849 1519 2922 furorem
1558 2851 1870 2923 vertitur.
1973 2864 2026 2898 ⁸²
2079 2856 2335 2928 Multis

287 2954 533 3026 diebus
566 2974 707 3024 non
745 2950 1025 3045 adloqui
1065 2971 1519 3045 quemquam,
1567 2968 1710 3024 non
1742 2946 1976 3018 cibum
2019 2949 2333 3039 sumere,

284 3070 420 3123 non
455 3072 717 3122 vocem
748 3049 1068 3135 mittere,
1117 3049 1214 3118 ita
1246 3066 1323 3117 ut
1354 3045 1570 3117 etiam
1602 3061 1830 3114 mutus
1873 3040 2095 3116 faetus
2134 3046 2336 3120 vide·

283 3167 498 3222 retur..
596 3156 654 3245 1}
704 3144 866 3220 Post
904 3149 1155 3219 multos
1214 3142 1472 3218 deinde
1523 3140 1722 3232 dies,
1791 3140 1930 3214 ubi-
1959 3140 2158 3214 dolor
2206 3167 2335 3215 vo-

2177 3264 2338 3316 cem

350 3474 395 3519 8.
436 3472 651 3523 Stnnhro
693 3468 888 3534 naon]
937 3468 1118 3529 eaptus
1165 3480 1265 3518 arte
1337 3468 1451 3530 Quo
1487 3465 1621 3515 disto
1667 3478 1770 3514 non
1808 3464 2020 3512 obscure·
2051 3463 2243 3537 cladem
2282 3464 2341 3514 ll·

294 3528 372 3580 sua
402 3535 612 3583 Parthusu
693 3536 814 3581 Nam
864 3551 916 3583 ea
955 3550 1061 3597 gem
1085 3546 1269 3595 prqeur
1340 3536 1438 3580 lam
1459 3531 1722 3579 Parthicam
1739 3540 1995 3587 exaggerat
2011 3528 2336 3577 aVenunitvi-

296 3597 723 3656 amoris-fiduciam
751 3597 913 3645 callida
932 3630 949 3656 ,
962 3598 1142 3658 fimulae
1176 3609 1266 3643 m·
1344 3594 1494 3642 erotis
1524 3594 1859 3653 ignobilitate,
1898 3591 1962 3637 de
1975 3602 2070 3648 qua
2093 3590 2338 3650 Agelllum

286 3659 564 3715 pilariorum.
641 3660 810 3708 Florus
853 3674 921 3708 ιν.
958 3672 1027 3719 10,
1059 3671 1104 3715 3.
1169 3659 1265 3706 Cu·
1342 3669 1474 3717 xv.4.
1497 3659 1628 3703 vide.
1646 3657 1879 3702 Ceterum
1903 3654 1966 3699 de
1988 3656 2082 3699 boc
2109 3654 2240 3704 bello
2261 3657 2340 3703 Ll-

294 3717 369 3772 jus
399 3721 735 3780 strategematis
784 3725 1069 3781 exemplum
1097 3723 1273 3779 inngne
1351 3718 1462 3766 vius
1501 3721 1616 3777 cpit.
1662 3729 1854 3765 cxxvn.
1903 3717 1949 3762 δι
1977 3728 2185 3764 cxxvm.
2255 3720 2339 3766 Pa·

292 3781 407 3845 ‘vide
438 3786 561 3843 apud
598 3785 860 3833 Caesarem
891 3787 953 3832 de
989 3785 1115 3833 Bell.
1146 3787 1273 3833 Gall.
1349 3784 1566 3829 terculus
1611 3793 1666 3828 ιι.
1702 3782 1780 3836 78.
1835 3778 2004 3826 Florus
2041 3792 2107 3826 ιν.
2139 3792 2184 3840 9.
2229 3782 2341 3830 Val.

296 3852 369 3891 ιιι.
410 3850 477 3894 18.
513 3848 559 3894 ὅ(
596 3860 670 3905 19.
706 3847 931 3896 Bzmec.
1348 3843 1486 3891 Max.
1518 3856 1588 3890 vt.
1609 3855 1655 3901 9.
1677 3856 1724 3901 9.
1782 3841 2057 3890 Plutarchus
2106 3844 2341 3891 Antonio.

362 3919 428 3954 10·
466 3908 729 3969 Vaenn'dt‘ur]
757 3911 956 3959 Tacitus
993 3910 1159 3957 Germ.
1195 3918 1272 3964 37.
1349 3907 1607 3964 Appianas
1641 3902 1843 3951 Parthie.
1878 3904 2136 3963 Eutropius
2166 3918 2253 3954 vir.
2293 3917 2341 3961 s.

287 3973 342 4026 1.
394 3970 525 4033 Infra
575 3972 820 4023 Ventidium
866 3974 1051 4032 lescen:
1100 3973 1273 4020 Oriens.
1349 3971 1547 4021 Orofius
1579 3980 1650 4016 vt.
1694 3969 1765 4015 18.
1780 3966 1883 4017 alii.
1923 3967 2084 4017 beare
2182 4026 2215 4074 6
2260 4027 2352 4076 Sd

2158 4039 2178 4074 Ι
2218 4053 2229 4073 δ
