<?xml version="1.0" encoding="UTF-8"?>
<!DOCTYPE html PUBLIC "-//W3C//DTD XHTML 1.0 Transitional//EN"
    "http://www.w3.org/TR/xhtml1/DTD/xhtml1-transitional.dtd">
<html xmlns="http://www.w3.org/1999/xhtml" xml:lang="en" lang="en">
 <head>
  <title>
</title>
<meta http-equiv="Content-Type" content="text/html;charset=utf-8" />
  <meta name='ocr-system' content='tesseract 3.04.00' />
  <meta name='ocr-capabilities' content='ocr_page ocr_carea ocr_par ocr_line ocrx_word'/>
</head>
<body>
  <div class='ocr_page' id='page_1' title='image "./iustinihistoria00freigoog_0033.png"; bbox 0 0 2894 4823; ppageno 0'>
   <div class='ocr_carea' id='block_1_1' title="bbox 914 324 2142 427">
    <p class='ocr_par' dir='ltr' id='par_1_1' title="bbox 914 324 2142 427">
     <span class='ocr_line' id='line_1_1' title="bbox 914 324 2142 427; baseline 0.013 -15"><span class='ocrx_word' id='word_1_1' title='bbox 914 324 2142 427; x_wconf 67' lang='lat' dir='ltr'><em>&#39;PRAEFATIoa</em></span> 
     </span>
    </p>
   </div>
   <div class='ocr_carea' id='block_1_2' title="bbox 501 512 2608 1649">
    <p class='ocr_par' dir='ltr' id='par_1_2' title="bbox 501 512 2572 1423">
     <span class='ocr_line' id='line_1_2' title="bbox 505 512 2568 641; baseline 0.011 -43"><span class='ocrx_word' id='word_1_2' title='bbox 505 516 668 599; x_wconf 85' lang='lat' dir='ltr'><em>tiae</em></span> <span class='ocrx_word' id='word_1_3' title='bbox 703 512 784 596; x_wconf 87' lang='lat' dir='ltr'><em>in</em></span> <span class='ocrx_word' id='word_1_4' title='bbox 835 516 1341 629; x_wconf 79' lang='lat' dir='ltr'><em>typographia</em></span> <span class='ocrx_word' id='word_1_5' title='bbox 1393 523 1737 639; x_wconf 77' lang='lat' dir='ltr'><em>Philippi</em></span> <span class='ocrx_word' id='word_1_6' title='bbox 1765 527 2100 633; x_wconf 87' lang='lat' dir='ltr'><em>Juntae.</em></span> <span class='ocrx_word' id='word_1_7' title='bbox 2211 525 2568 641; x_wconf 66' lang='lat' dir='ltr'><em>Praesti-¹</em></span> 
     </span>
     <span class='ocr_line' id='line_1_3' title="bbox 501 624 2568 753; baseline 0.01 -44"><span class='ocrx_word' id='word_1_8' title='bbox 501 628 778 709; x_wconf 86' lang='lat' dir='ltr'><em>tionem</em></span> <span class='ocrx_word' id='word_1_9' title='bbox 830 624 1000 711; x_wconf 85' lang='lat' dir='ltr'><em>huic</em></span> <span class='ocrx_word' id='word_1_10' title='bbox 1062 627 1375 719; x_wconf 90' lang='lat' dir='ltr'><em>editioni</em></span> <span class='ocrx_word' id='word_1_11' title='bbox 1428 641 1826 751; x_wconf 81' lang='lat' dir='ltr'><em>praemisit</em></span> <span class='ocrx_word' id='word_1_12' title='bbox 1881 639 2359 753; x_wconf 86' lang='lat' dir='ltr'><em>Augustinus</em></span> <span class='ocrx_word' id='word_1_13' title='bbox 2408 647 2568 730; x_wconf 89' lang='lat' dir='ltr'><em>Be-</em></span> 
     </span>
     <span class='ocr_line' id='line_1_4' title="bbox 503 733 2572 864; baseline 0.012 -46"><span class='ocrx_word' id='word_1_14' title='bbox 503 733 819 822; x_wconf 86' lang='lat' dir='ltr'><em>charius</em></span> <span class='ocrx_word' id='word_1_15' title='bbox 858 738 1408 837; x_wconf 70' lang='lat' dir='ltr'><em>Mortariensis</em></span> <span class='ocrx_word' id='word_1_16' title='bbox 1450 751 1815 839; x_wconf 80' lang='lat' dir='ltr'><em>Sacerdos</em></span> <span class='ocrx_word' id='word_1_17' title='bbox 1848 813 1875 858; x_wconf 91' lang='lat'>‚</span> <span class='ocrx_word' id='word_1_18' title='bbox 1947 781 2110 840; x_wconf 89' lang='lat' dir='ltr'><em>eam</em></span> <span class='ocrx_word' id='word_1_19' title='bbox 2163 781 2253 839; x_wconf 87' lang='lat' dir='ltr'><em>ue</em></span> <span class='ocrx_word' id='word_1_20' title='bbox 2295 753 2572 864; x_wconf 84' lang='lat' dir='ltr'><em>inscri-</em></span> 
     </span>
     <span class='ocr_line' id='line_1_5' title="bbox 503 846 2565 985; baseline 0.012 -58"><span class='ocrx_word' id='word_1_21' title='bbox 503 846 658 958; x_wconf 80' lang='lat' dir='ltr'><em>psit</em></span> <span class='ocrx_word' id='word_1_22' title='bbox 701 852 1239 941; x_wconf 86' lang='lat' dir='ltr'><em>Scaramutiae</em></span> <span class='ocrx_word' id='word_1_23' title='bbox 1272 855 1670 949; x_wconf 74' lang='lat' dir='ltr'><em>Tm&#39;vultio</em></span> <span class='ocrx_word' id='word_1_24' title='bbox 1704 924 1729 964; x_wconf 89' lang='lat'>‚</span> <span class='ocrx_word' id='word_1_25' title='bbox 1809 868 2074 951; x_wconf 80' lang='lat' dir='ltr'><em>Comen</em></span> <span class='ocrx_word' id='word_1_26' title='bbox 2104 894 2132 948; x_wconf 79' lang='grc' dir='ltr'><strong><em>ι</em></strong></span> <span class='ocrx_word' id='word_1_27' title='bbox 2178 865 2565 985; x_wconf 74' lang='lat' dir='ltr'><em>Episcopo.</em></span> 
     </span>
     <span class='ocr_line' id='line_1_6' title="bbox 514 959 2563 1089; baseline 0.012 -49"><span class='ocrx_word' id='word_1_28' title='bbox 514 959 653 1041; x_wconf 80' lang='lat' dir='ltr'><em>Tit</em></span> <span class='ocrx_word' id='word_1_29' title='bbox 661 959 825 1043; x_wconf 85' lang='lat' dir='ltr'><em>ulus</em></span> <span class='ocrx_word' id='word_1_30' title='bbox 846 979 1102 1048; x_wconf 89' lang='lat' dir='ltr'><em>autem</em></span> <span class='ocrx_word' id='word_1_31' title='bbox 1129 969 1645 1077; x_wconf 87' lang='lat' dir='ltr'><em>praefationis</em></span> <span class='ocrx_word' id='word_1_32' title='bbox 1665 975 1936 1085; x_wconf 90' lang='lat' dir='ltr'><em>Iustini</em></span> <span class='ocrx_word' id='word_1_33' title='bbox 1951 976 2369 1089; x_wconf 84' lang='lat' dir='ltr'><em>hujusmodi</em></span> <span class='ocrx_word' id='word_1_34' title='bbox 2403 976 2505 1087; x_wconf 87' lang='lat' dir='ltr'><em>est</em></span> <span class='ocrx_word' id='word_1_35' title='bbox 2528 1007 2563 1064; x_wconf 90' lang='lat'><em>.·</em></span> 
     </span>
     <span class='ocr_line' id='line_1_7' title="bbox 502 1066 2567 1203; baseline 0.011 -49"><span class='ocrx_word' id='word_1_36' title='bbox 502 1066 771 1154; x_wconf 83' lang='lat' dir='ltr'><em>lustini</em></span> <span class='ocrx_word' id='word_1_37' title='bbox 807 1072 1162 1161; x_wconf 80' lang='lat' dir='ltr'><em>Historici</em></span> <span class='ocrx_word' id='word_1_38' title='bbox 1208 1080 1608 1170; x_wconf 85' lang='lat' dir='ltr'><em>Clariffimi</em></span> <span class='ocrx_word' id='word_1_39' title='bbox 1648 1089 1726 1171; x_wconf 90' lang='lat' dir='ltr'><em>in</em></span> <span class='ocrx_word' id='word_1_40' title='bbox 1759 1088 2019 1203; x_wconf 85' lang='lat' dir='ltr'>Trogi</span> <span class='ocrx_word' id='word_1_41' title='bbox 2058 1089 2397 1196; x_wconf 86' lang='lat' dir='ltr'><em>Pompeii</em></span> <span class='ocrx_word' id='word_1_42' title='bbox 2419 1090 2567 1175; x_wconf 86' lang='lat' dir='ltr'><em>Hi-</em></span> 
     </span>
     <span class='ocr_line' id='line_1_8' title="bbox 503 1179 2569 1297; baseline 0.015 -34"><span class='ocrx_word' id='word_1_43' title='bbox 503 1179 767 1265; x_wconf 84' lang='lat' dir='ltr'><em>storias</em></span> <span class='ocrx_word' id='word_1_44' title='bbox 826 1185 1269 1273; x_wconf 85' lang='lat' dir='ltr'><strong>Exordium.</strong></span> <span class='ocrx_word' id='word_1_45' title='bbox 1351 1193 1467 1297; x_wconf 61' lang='lat'><em>89⁹</em></span> <span class='ocrx_word' id='word_1_46' title='bbox 1523 1199 1715 1287; x_wconf 85' lang='lat' dir='ltr'><em>libri</em></span> <span class='ocrx_word' id='word_1_47' title='bbox 1757 1227 1826 1286; x_wconf 93' lang='lat'><em>1.</em></span> <span class='ocrx_word' id='word_1_48' title='bbox 1904 1199 2163 1287; x_wconf 88' lang='lat' dir='ltr'><em>lustini</em></span> <span class='ocrx_word' id='word_1_49' title='bbox 2208 1199 2569 1293; x_wconf 76' lang='lat' dir='ltr'><em>Historicl</em></span> 
     </span>
     <span class='ocr_line' id='line_1_9' title="bbox 506 1293 2570 1423; baseline 0.01 -46"><span class='ocrx_word' id='word_1_50' title='bbox 506 1293 592 1377; x_wconf 90' lang='lat' dir='ltr'><em>in</em></span> <span class='ocrx_word' id='word_1_51' title='bbox 628 1293 973 1403; x_wconf 90' lang='lat' dir='ltr'><em>Pompeii</em></span> <span class='ocrx_word' id='word_1_52' title='bbox 1019 1301 1272 1413; x_wconf 86' lang='lat' dir='ltr'>Trogi</span> <span class='ocrx_word' id='word_1_53' title='bbox 1336 1304 1707 1397; x_wconf 82' lang='lat' dir='ltr'><em>Historias</em></span> <span class='ocrx_word' id='word_1_54' title='bbox 1763 1310 1992 1397; x_wconf 89' lang='lat' dir='ltr'><em>Liber</em></span> <span class='ocrx_word' id='word_1_55' title='bbox 2037 1312 2326 1423; x_wconf 77' lang='lat' dir='ltr'><em>primus</em></span> <span class='ocrx_word' id='word_1_56' title='bbox 2365 1313 2570 1399; x_wconf 77' lang='lat' dir='ltr'><em>=inci-</em></span> 
     </span>
    </p>

    <p class='ocr_par' dir='ltr' id='par_1_3' title="bbox 501 1406 2608 1649">
     <span class='ocr_line' id='line_1_10' title="bbox 563 1406 2608 1514; baseline 0.013 -26"><span class='ocrx_word' id='word_1_57' title='bbox 563 1406 645 1490; x_wconf 86' lang='lat' dir='ltr'><em>it.</em></span> <span class='ocrx_word' id='word_1_58' title='bbox 760 1408 905 1493; x_wconf 88' lang='lat' dir='ltr'><em>Ad</em></span> <span class='ocrx_word' id='word_1_59' title='bbox 957 1413 1224 1498; x_wconf 82' lang='lat' dir='ltr'><em>calcem</em></span> <span class='ocrx_word' id='word_1_60' title='bbox 1288 1416 1479 1505; x_wconf 85' lang='lat' dir='ltr'><em>libri</em></span> <span class='ocrx_word' id='word_1_61' title='bbox 1536 1444 1700 1508; x_wconf 76' lang='lat' dir='ltr'><em>xm</em></span> <span class='ocrx_word' id='word_1_62' title='bbox 1719 1449 1799 1510; x_wconf 79' lang='lat' dir='ltr'><em>v.</em></span> <span class='ocrx_word' id='word_1_63' title='bbox 1857 1424 2182 1512; x_wconf 82' lang='lat' dir='ltr'><em>additur</em></span> <span class='ocrx_word' id='word_1_64' title='bbox 2202 1454 2230 1510; x_wconf 91' lang='lat'><em>.·</em></span> <span class='ocrx_word' id='word_1_65' title='bbox 2304 1422 2608 1514; x_wconf 82' lang='lat' dir='ltr'><em>lustini.</em></span> 
     </span>
     <span class='ocr_line' id='line_1_11' title="bbox 501 1433 2574 1649; baseline 0.012 -46"><span class='ocrx_word' id='word_1_66' title='bbox 501 1433 897 1630; x_wconf 52' lang='lat' dir='ltr'><em>flystorici</em></span> <span class='ocrx_word' id='word_1_67' title='bbox 940 1522 1339 1611; x_wconf 85' lang='lat' dir='ltr'><em>Clariffimi</em></span> <span class='ocrx_word' id='word_1_68' title='bbox 1378 1531 1458 1614; x_wconf 87' lang='lat' dir='ltr'><em>in</em></span> <span class='ocrx_word' id='word_1_69' title='bbox 1495 1533 1750 1643; x_wconf 77' lang='lat' dir='ltr'><em>Trogi</em></span> <span class='ocrx_word' id='word_1_70' title='bbox 1783 1535 2127 1645; x_wconf 88' lang='lat' dir='ltr'><em>Pompeii</em></span> <span class='ocrx_word' id='word_1_71' title='bbox 2172 1534 2574 1649; x_wconf 74' lang='lat' dir='ltr'><em>Hystoriae</em></span> 
     </span>
    </p>
   </div>
   <div class='ocr_carea' id='block_1_3' title="bbox 347 1629 2574 1760">
    <p class='ocr_par' dir='ltr' id='par_1_4' title="bbox 347 1629 2574 1760">
     <span class='ocr_line' id='line_1_12' title="bbox 347 1629 2574 1760; baseline 0.009 -45"><span class='ocrx_word' id='word_1_72' title='bbox 347 1717 374 1756; x_wconf 54' lang='lat' dir='ltr'><em>s</em></span> <span class='ocrx_word' id='word_1_73' title='bbox 431 1634 435 1639; x_wconf 74' lang='grc'><em>’</em></span> <span class='ocrx_word' id='word_1_74' title='bbox 506 1629 744 1717; x_wconf 86' lang='lat' dir='ltr'><em>Liber</em></span> <span class='ocrx_word' id='word_1_75' title='bbox 762 1657 924 1717; x_wconf 77' lang='lat' dir='ltr'><em>xm</em></span> <span class='ocrx_word' id='word_1_76' title='bbox 958 1661 976 1719; x_wconf 87' lang='grc' dir='ltr'>ι</span> <span class='ocrx_word' id='word_1_77' title='bbox 1008 1662 1037 1719; x_wconf 92' lang='lat'>1</span> <span class='ocrx_word' id='word_1_78' title='bbox 1070 1635 1236 1720; x_wconf 63' lang='lat' dir='ltr'><em>L&amp;</em></span> <span class='ocrx_word' id='word_1_79' title='bbox 1275 1643 1582 1729; x_wconf 88' lang='lat' dir='ltr'><em>ultimus</em></span> <span class='ocrx_word' id='word_1_80' title='bbox 1607 1647 1949 1734; x_wconf 88' lang='lat' dir='ltr'><em>Feliciter</em></span> <span class='ocrx_word' id='word_1_81' title='bbox 1971 1648 2320 1760; x_wconf 76' lang='lat' dir='ltr'><em>Explicit.</em></span> <span class='ocrx_word' id='word_1_82' title='bbox 2351 1649 2574 1760; x_wconf 76' lang='lat' dir='ltr'><em>&amp;fi-</em></span> 
     </span>
    </p>
   </div>
   <div class='ocr_carea' id='block_1_4' title="bbox 406 1744 2588 4225">
    <p class='ocr_par' dir='ltr' id='par_1_5' title="bbox 406 1744 2588 4137">
     <span class='ocr_line' id='line_1_13' title="bbox 509 1744 2577 1868; baseline 0.01 -40"><span class='ocrx_word' id='word_1_83' title='bbox 509 1770 604 1829; x_wconf 85' lang='lat' dir='ltr'><em>ne</em></span> <span class='ocrx_word' id='word_1_84' title='bbox 621 1744 853 1829; x_wconf 88' lang='lat' dir='ltr'><em>libelli</em></span> <span class='ocrx_word' id='word_1_85' title='bbox 866 1747 958 1841; x_wconf 83' lang='lat' dir='ltr'><em>P.</em></span> <span class='ocrx_word' id='word_1_86' title='bbox 987 1745 1324 1855; x_wconf 71' lang='lat' dir='ltr'><em>Vilior-is</em></span> <span class='ocrx_word' id='word_1_87' title='bbox 1345 1784 1373 1837; x_wconf 94' lang='lat'><em>.·</em></span> <span class='ocrx_word' id='word_1_88' title='bbox 1399 1756 1832 1865; x_wconf 85' lang='lat' dir='ltr'><em>Impreffum</em></span> <span class='ocrx_word' id='word_1_89' title='bbox 1854 1758 1996 1846; x_wconf 88' lang='lat' dir='ltr'><em>fuit</em></span> <span class='ocrx_word' id='word_1_90' title='bbox 2015 1761 2161 1846; x_wconf 89' lang='lat' dir='ltr'><em>hoc</em></span> <span class='ocrx_word' id='word_1_91' title='bbox 2180 1786 2377 1868; x_wconf 81' lang='lat' dir='ltr'><em>opus</em></span> <span class='ocrx_word' id='word_1_92' title='bbox 2395 1766 2577 1848; x_wconf 89' lang='lat' dir='ltr'><em>An-</em></span> 
     </span>
     <span class='ocr_line' id='line_1_14' title="bbox 508 1856 2574 1959; baseline 0.01 -20"><span class='ocrx_word' id='word_1_93' title='bbox 508 1880 622 1939; x_wconf 91' lang='lat' dir='ltr'><em>no</em></span> <span class='ocrx_word' id='word_1_94' title='bbox 664 1856 991 1941; x_wconf 87' lang='lat' dir='ltr'><em>Domini</em></span> <span class='ocrx_word' id='word_1_95' title='bbox 1053 1885 1383 1947; x_wconf 78' lang='lat' dir='ltr'><em>MecoeC.</em></span> <span class='ocrx_word' id='word_1_96' title='bbox 1459 1866 1760 1957; x_wconf 88' lang='lat' dir='ltr'><em>decimo</em></span> <span class='ocrx_word' id='word_1_97' title='bbox 1817 1898 2037 1958; x_wconf 90' lang='lat' dir='ltr'><em>nono</em></span> <span class='ocrx_word' id='word_1_98' title='bbox 2082 1873 2355 1959; x_wconf 86' lang='lat' dir='ltr'><strong>Kalen.</strong></span> <span class='ocrx_word' id='word_1_99' title='bbox 2400 1876 2574 1959; x_wconf 87' lang='lat' dir='ltr'><em>Au-</em></span> 
     </span>
     <span class='ocr_line' id='line_1_15' title="bbox 509 1963 2569 2099; baseline 0.013 -51"><span class='ocrx_word' id='word_1_100' title='bbox 509 1963 734 2078; x_wconf 87' lang='lat' dir='ltr'><em>gusti.</em></span> <span class='ocrx_word' id='word_1_101' title='bbox 856 1969 957 2053; x_wconf 90' lang='lat' dir='ltr'><em>In</em></span> <span class='ocrx_word' id='word_1_102' title='bbox 984 1968 1129 2057; x_wconf 84' lang='lat' dir='ltr'><em>hac</em></span> <span class='ocrx_word' id='word_1_103' title='bbox 1181 1976 1504 2079; x_wconf 80' lang='lat' dir='ltr'><em>editione</em></span> <span class='ocrx_word' id='word_1_104' title='bbox 1531 1980 1688 2095; x_wconf 83' lang='lat' dir='ltr'><em>sup</em></span> <span class='ocrx_word' id='word_1_105' title='bbox 1738 1984 1951 2070; x_wconf 86' lang='lat' dir='ltr'><em>letur</em></span> <span class='ocrx_word' id='word_1_106' title='bbox 1992 1986 2313 2089; x_wconf 88' lang='lat' dir='ltr'><em>lacuna,</em></span> <span class='ocrx_word' id='word_1_107' title='bbox 2367 2010 2569 2099; x_wconf 76' lang='lat' dir='ltr'><em>quae</em></span> 
     </span>
     <span class='ocr_line' id='line_1_16' title="bbox 503 2078 2574 2208; baseline 0.012 -47"><span class='ocrx_word' id='word_1_108' title='bbox 503 2078 890 2193; x_wconf 85' lang='lat' dir='ltr'><em>plerisque</em></span> <span class='ocrx_word' id='word_1_109' title='bbox 930 2086 1553 2193; x_wconf 81' lang='lat' dir='ltr'><em>praecedentibus</em></span> <span class='ocrx_word' id='word_1_110' title='bbox 1606 2121 1647 2181; x_wconf 90' lang='lat' dir='ltr'><em>e</em></span> <span class='ocrx_word' id='word_1_111' title='bbox 1693 2097 2051 2184; x_wconf 82' lang='lat' dir='ltr'><em>itionibus</em></span> <span class='ocrx_word' id='word_1_112' title='bbox 2081 2093 2516 2208; x_wconf 84' lang='lat' dir='ltr'><em>inhaeserat</em></span> <span class='ocrx_word' id='word_1_113' title='bbox 2539 2128 2574 2185; x_wconf 78' lang='lat'><em>.-</em></span> 
     </span>
     <span class='ocr_line' id='line_1_17' title="bbox 494 2196 2575 2323; baseline 0.011 -48"><span class='ocrx_word' id='word_1_114' title='bbox 494 2198 593 2299; x_wconf 69' lang='lat' dir='ltr'><em>J1.</em></span> <span class='ocrx_word' id='word_1_115' title='bbox 637 2196 703 2277; x_wconf 90' lang='lat'><em>8.</em></span> <span class='ocrx_word' id='word_1_116' title='bbox 771 2218 886 2277; x_wconf 82' lang='grc' dir='ltr'><em>ιι.</em></span> <span class='ocrx_word' id='word_1_117' title='bbox 944 2221 1132 2280; x_wconf 90' lang='lat' dir='ltr'><em>num</em></span> <span class='ocrx_word' id='word_1_118' title='bbox 1177 2199 1484 2290; x_wconf 79' lang='lat' dir='ltr'><em>cadenti</em></span> <span class='ocrx_word' id='word_1_119' title='bbox 1519 2200 1649 2290; x_wconf 85' lang='lat' dir='ltr'><em>fibi</em></span> <span class='ocrx_word' id='word_1_120' title='bbox 1688 2207 1972 2295; x_wconf 72' lang='lat' dir='ltr'><em>{cutum</em></span> <span class='ocrx_word' id='word_1_121' title='bbox 2016 2208 2359 2295; x_wconf 84' lang='lat' dir='ltr'><em>laborum</em></span> <span class='ocrx_word' id='word_1_122' title='bbox 2396 2212 2575 2323; x_wconf 87' lang='lat' dir='ltr'><em>glo·</em></span> 
     </span>
     <span class='ocr_line' id='line_1_18' title="bbox 512 2300 2573 2433; baseline 0.011 -47"><span class='ocrx_word' id='word_1_123' title='bbox 512 2300 818 2409; x_wconf 88' lang='lat' dir='ltr'><em>riaeque</em></span> <span class='ocrx_word' id='word_1_124' title='bbox 853 2306 1132 2393; x_wconf 86' lang='lat' dir='ltr'><em>socium</em></span> <span class='ocrx_word' id='word_1_125' title='bbox 1162 2314 1634 2404; x_wconf 83' lang='lat' dir='ltr'><em>exosculatus</em></span> <span class='ocrx_word' id='word_1_126' title='bbox 1652 2317 1758 2403; x_wconf 86' lang='lat' dir='ltr'><em>est</em></span> <span class='ocrx_word' id='word_1_127' title='bbox 1783 2349 1809 2426; x_wconf 89' lang='lat'>;</span> <span class='ocrx_word' id='word_1_128' title='bbox 1831 2318 2094 2432; x_wconf 74' lang='lat' dir='ltr'><em>omffs</em></span> <span class='ocrx_word' id='word_1_129' title='bbox 2126 2318 2286 2433; x_wconf 79' lang='lat' dir='ltr'><em>post</em></span> <span class='ocrx_word' id='word_1_130' title='bbox 2319 2347 2573 2408; x_wconf 80' lang='lat' dir='ltr'><em>vocem</em></span> 
     </span>
     <span class='ocr_line' id='line_1_19' title="bbox 513 2416 2579 2544; baseline 0.013 -46"><span class='ocrx_word' id='word_1_131' title='bbox 513 2416 800 2499; x_wconf 76' lang='lat' dir='ltr'><em>scut&#39;um</em></span> <span class='ocrx_word' id='word_1_132' title='bbox 843 2416 1033 2528; x_wconf 79' lang='lat' dir='ltr'><em>histe</em></span> <span class='ocrx_word' id='word_1_133' title='bbox 1076 2428 1339 2511; x_wconf 83' lang='lat' dir='ltr'><em>verbis</em></span> <span class='ocrx_word' id='word_1_134' title='bbox 1374 2488 1403 2529; x_wconf 86' lang='lat'><strong>,</strong></span> <span class='ocrx_word' id='word_1_135' title='bbox 1475 2430 1858 2518; x_wconf 71' lang='lat' dir='ltr'><em>ademisset</em></span> <span class='ocrx_word' id='word_1_136' title='bbox 1896 2430 2167 2521; x_wconf 81' lang='lat' dir='ltr'><em>hostis:</em></span> <span class='ocrx_word' id='word_1_137' title='bbox 2239 2433 2458 2544; x_wconf 86' lang='lat' dir='ltr'><em>quod.</em></span> <span class='ocrx_word' id='word_1_138' title='bbox 2488 2447 2579 2524; x_wconf 77' lang='lat' dir='ltr'><em>ut&#39;</em></span> 
     </span>
     <span class='ocr_line' id='line_1_20' title="bbox 511 2525 2556 2643; baseline 0.016 -33"><span class='ocrx_word' id='word_1_139' title='bbox 511 2525 885 2613; x_wconf 82' lang='lat' dir='ltr'><em>servatum</em></span> <span class='ocrx_word' id='word_1_140' title='bbox 928 2532 1279 2639; x_wconf 73' lang='lat' dir='ltr'><em>audivit,</em></span> <span class='ocrx_word' id='word_1_141' title='bbox 1321 2543 1632 2627; x_wconf 87' lang='lat' dir='ltr'><em>allatum</em></span> <span class='ocrx_word' id='word_1_142' title='bbox 1669 2546 1902 2630; x_wconf 90' lang='lat' dir='ltr'><em>velut.</em></span> <span class='ocrx_word' id='word_1_143' title='bbox 2023 2571 2026 2574; x_wconf 71' lang='grc'><strong><em>’</em></strong></span> <span class='ocrx_word' id='word_1_144' title='bbox 2375 2635 2386 2643; x_wconf 85' lang='grc'>,</span> <span class='ocrx_word' id='word_1_145' title='bbox 2549 2551 2556 2558; x_wconf 67' lang='grc'><em>’</em></span> 
     </span>
     <span class='ocr_line' id='line_1_21' title="bbox 500 2631 2577 2767; baseline 0.013 -49"><span class='ocrx_word' id='word_1_146' title='bbox 500 2631 512 2640; x_wconf 78' lang='grc'>’</span> <span class='ocrx_word' id='word_1_147' title='bbox 630 2639 965 2746; x_wconf 66' lang='lat' dir='ltr'><em>Quarta</em></span> <span class='ocrx_word' id='word_1_148' title='bbox 988 2647 1284 2732; x_wconf 89' lang='lat' dir='ltr'><em>Veneta</em></span> <span class='ocrx_word' id='word_1_149' title='bbox 1300 2650 1450 2760; x_wconf 90' lang='lat' dir='ltr'><em>fol.</em></span> <span class='ocrx_word' id='word_1_150' title='bbox 1474 2653 1605 2740; x_wconf 90' lang='lat' dir='ltr'><em>hoc</em></span> <span class='ocrx_word' id='word_1_151' title='bbox 1639 2658 1870 2767; x_wconf 83' lang='lat' dir='ltr'><em>titulo</em></span> <span class='ocrx_word' id='word_1_152' title='bbox 1888 2656 2199 2745; x_wconf 79' lang='lat' dir='ltr'><em>:lustini</em></span> <span class='ocrx_word' id='word_1_153' title='bbox 2241 2686 2338 2746; x_wconf 84' lang='lat' dir='ltr'><em>ex</em></span> <span class='ocrx_word' id='word_1_154' title='bbox 2361 2658 2577 2756; x_wconf 58' lang='lat' dir='ltr'><em>Tro,-</em></span> 
     </span>
     <span class='ocr_line' id='line_1_22' title="bbox 506 2751 2582 2880; baseline 0.009 -42"><span class='ocrx_word' id='word_1_155' title='bbox 506 2833 511 2838; x_wconf 87' lang='lat'><strong>.</strong></span> <span class='ocrx_word' id='word_1_156' title='bbox 576 2776 630 2834; x_wconf 93' lang='lat' dir='ltr'><em>o</em></span> <span class='ocrx_word' id='word_1_157' title='bbox 693 2751 1065 2860; x_wconf 75' lang='lat' dir='ltr'><em>Pompeio</em></span> <span class='ocrx_word' id='word_1_158' title='bbox 1128 2759 1507 2864; x_wconf 77' lang='lat' dir='ltr'><em>Historiae</em></span> <span class='ocrx_word' id='word_1_159' title='bbox 1558 2795 1735 2854; x_wconf 87' lang='lat' dir='ltr'><em>cum</em></span> <span class='ocrx_word' id='word_1_160' title='bbox 1773 2772 2029 2880; x_wconf 80' lang='lat' dir='ltr'><em>multis</em></span> <span class='ocrx_word' id='word_1_161' title='bbox 2068 2774 2582 2860; x_wconf 88' lang='lat' dir='ltr'><em>memorabili-</em></span> 
     </span>
     <span class='ocr_line' id='line_1_23' title="bbox 406 2776 2580 2995; baseline 0.013 -53"><span class='ocrx_word' id='word_1_162' title='bbox 406 2899 411 2904; x_wconf 40' lang='lat'><em>*</em></span> <span class='ocrx_word' id='word_1_163' title='bbox 510 2776 660 2945; x_wconf 52' lang='lat' dir='ltr'><em>{us</em></span> <span class='ocrx_word' id='word_1_164' title='bbox 696 2864 776 2946; x_wconf 89' lang='lat' dir='ltr'><em>in</em></span> <span class='ocrx_word' id='word_1_165' title='bbox 817 2873 1177 2980; x_wconf 85' lang='lat' dir='ltr'><em>margine.</em></span> <span class='ocrx_word' id='word_1_166' title='bbox 1213 2871 1834 2991; x_wconf 81' lang='lat' dir='ltr'><em>Additoinsuper</em></span> <span class='ocrx_word' id='word_1_167' title='bbox 1873 2882 2346 2995; x_wconf 74' lang='lat' dir='ltr'><em>indicetque</em></span> <span class='ocrx_word' id='word_1_168' title='bbox 2377 2884 2580 2986; x_wconf 54' lang='lat' dir='ltr'><em>faciq</em></span> 
     </span>
     <span class='ocr_line' id='line_1_24' title="bbox 516 2974 2584 3106; baseline 0.013 -51"><span class='ocrx_word' id='word_1_169' title='bbox 516 2974 665 3064; x_wconf 84' lang='lat' dir='ltr'><em>lius</em></span> <span class='ocrx_word' id='word_1_170' title='bbox 706 2996 977 3061; x_wconf 85' lang='lat' dir='ltr'><em>notatu</em></span> <span class='ocrx_word' id='word_1_171' title='bbox 1018 2984 1332 3073; x_wconf 78' lang='lat' dir='ltr'><em>clariora</em></span> <span class='ocrx_word' id='word_1_172' title='bbox 1369 2997 1676 3103; x_wconf 88' lang='lat' dir='ltr'><em>reperiri</em></span> <span class='ocrx_word' id='word_1_173' title='bbox 1701 2996 1984 3105; x_wconf 86' lang='lat' dir='ltr'><em>posfint</em></span> <span class='ocrx_word' id='word_1_174' title='bbox 2009 3025 2292 3106; x_wconf 86' lang='lat' dir='ltr'><em>:nuper</em></span> <span class='ocrx_word' id='word_1_175' title='bbox 2313 2999 2584 3082; x_wconf 80' lang='lat' dir='ltr'><em>emen-</em></span> 
     </span>
     <span class='ocr_line' id='line_1_25' title="bbox 520 3082 2579 3215; baseline 0.013 -47"><span class='ocrx_word' id='word_1_176' title='bbox 520 3082 765 3172; x_wconf 84' lang='lat' dir='ltr'><em>datae.</em></span> <span class='ocrx_word' id='word_1_177' title='bbox 884 3091 1135 3197; x_wconf 87' lang='lat' dir='ltr'><em>Inscri</em></span> <span class='ocrx_word' id='word_1_178' title='bbox 1183 3107 1294 3184; x_wconf 88' lang='lat' dir='ltr'><em>tio</em></span> <span class='ocrx_word' id='word_1_179' title='bbox 1318 3107 1885 3215; x_wconf 83' lang='lat' dir='ltr'><em>praefationis:</em></span> <span class='ocrx_word' id='word_1_180' title='bbox 1942 3109 2200 3194; x_wconf 89' lang='lat' dir='ltr'><em>lustini</em></span> <span class='ocrx_word' id='word_1_181' title='bbox 2245 3108 2579 3196; x_wconf 83' lang='lat' dir='ltr'><em>Histori-</em></span> 
     </span>
     <span class='ocr_line' id='line_1_26' title="bbox 518 3199 2577 3328; baseline 0.011 -44"><span class='ocrx_word' id='word_1_182' title='bbox 518 3201 590 3284; x_wconf 89' lang='lat' dir='ltr'><em>ci</em></span> <span class='ocrx_word' id='word_1_183' title='bbox 612 3199 984 3286; x_wconf 86' lang='lat' dir='ltr'><em>clariffimi</em></span> <span class='ocrx_word' id='word_1_184' title='bbox 1009 3208 1090 3291; x_wconf 87' lang='lat' dir='ltr'><em>in</em></span> <span class='ocrx_word' id='word_1_185' title='bbox 1204 3213 1373 3327; x_wconf 86' lang='lat' dir='ltr'><em>rogi</em></span> <span class='ocrx_word' id='word_1_186' title='bbox 1395 3215 1712 3328; x_wconf 83' lang='lat' dir='ltr'><em>Pompei</em></span> <span class='ocrx_word' id='word_1_187' title='bbox 1733 3220 2106 3308; x_wconf 80' lang='lat' dir='ltr'><em>Historias</em></span> <span class='ocrx_word' id='word_1_188' title='bbox 2128 3220 2577 3309; x_wconf 73' lang='lat' dir='ltr'><em>Exordium.</em></span> 
     </span>
     <span class='ocr_line' id='line_1_27' title="bbox 523 3312 2579 3431; baseline 0.012 -37"><span class='ocrx_word' id='word_1_189' title='bbox 523 3312 717 3394; x_wconf 86' lang='lat' dir='ltr'><em>libri</em></span> <span class='ocrx_word' id='word_1_190' title='bbox 771 3341 828 3396; x_wconf 92' lang='lat'><em>1.</em></span> <span class='ocrx_word' id='word_1_191' title='bbox 897 3316 1126 3401; x_wconf 87' lang='lat' dir='ltr'><em>Liber</em></span> <span class='ocrx_word' id='word_1_192' title='bbox 1183 3332 1473 3431; x_wconf 77' lang='lat' dir='ltr'><em>primus</em></span> <span class='ocrx_word' id='word_1_193' title='bbox 1514 3331 1772 3415; x_wconf 89' lang='lat' dir='ltr'><em>Iustini</em></span> <span class='ocrx_word' id='word_1_194' title='bbox 1813 3331 2169 3420; x_wconf 88' lang='lat' dir='ltr'><em>Historici</em></span> <span class='ocrx_word' id='word_1_195' title='bbox 2213 3335 2293 3419; x_wconf 88' lang='lat' dir='ltr'><em>in</em></span> <span class='ocrx_word' id='word_1_196' title='bbox 2342 3334 2579 3420; x_wconf 88' lang='lat' dir='ltr'><em>Pom-</em></span> 
     </span>
     <span class='ocr_line' id='line_1_28' title="bbox 518 3423 2580 3616; baseline 0.013 -111"><span class='ocrx_word' id='word_1_197' title='bbox 518 3424 652 3616; x_wconf 56' lang='lat' dir='ltr'><em>fei</em></span> <span class='ocrx_word' id='word_1_198' title='bbox 673 3423 926 3536; x_wconf 80' lang='lat' dir='ltr'><em>Trogi</em></span> <span class='ocrx_word' id='word_1_199' title='bbox 953 3429 1355 3554; x_wconf 66' lang='lat' dir='ltr'><em>Historias:</em></span> <span class='ocrx_word' id='word_1_200' title='bbox 1403 3437 1729 3543; x_wconf 74' lang='lat' dir='ltr'><em>&amp;libri</em></span> <span class='ocrx_word' id='word_1_201' title='bbox 1775 3445 2184 3531; x_wconf 86' lang='lat' dir='ltr'><em>11.1ustini</em></span> <span class='ocrx_word' id='word_1_202' title='bbox 2222 3443 2580 3533; x_wconf 67' lang='lat' dir='ltr'><em>HistorIci</em></span> 
     </span>
     <span class='ocr_line' id='line_1_29' title="bbox 558 3533 2585 3644; baseline 0.014 -30"><span class='ocrx_word' id='word_1_203' title='bbox 558 3533 713 3617; x_wconf 89' lang='lat' dir='ltr'><em>iber</em></span> <span class='ocrx_word' id='word_1_204' title='bbox 767 3537 1150 3627; x_wconf 82' lang='lat' dir='ltr'><em>secundus.</em></span> <span class='ocrx_word' id='word_1_205' title='bbox 1210 3550 1401 3633; x_wconf 87' lang='lat' dir='ltr'><em>Fine</em></span> <span class='ocrx_word' id='word_1_206' title='bbox 1439 3555 1628 3638; x_wconf 88' lang='lat' dir='ltr'><em>libri</em></span> <span class='ocrx_word' id='word_1_207' title='bbox 1659 3578 1920 3644; x_wconf 66' lang='lat' dir='ltr'><em>xciv.</em></span> <span class='ocrx_word' id='word_1_208' title='bbox 1983 3557 2237 3643; x_wconf 87' lang='lat' dir='ltr'><em>lustini</em></span> <span class='ocrx_word' id='word_1_209' title='bbox 2288 3556 2585 3642; x_wconf 61' lang='lat' dir='ltr'><em>histori-</em></span> 
     </span>
     <span class='ocr_line' id='line_1_30' title="bbox 523 3644 2587 3781; baseline 0.013 -51"><span class='ocrx_word' id='word_1_210' title='bbox 523 3644 599 3730; x_wconf 86' lang='lat' dir='ltr'><em>ci</em></span> <span class='ocrx_word' id='word_1_211' title='bbox 641 3647 773 3727; x_wconf 88' lang='lat' dir='ltr'><em>viri</em></span> <span class='ocrx_word' id='word_1_212' title='bbox 822 3654 1194 3738; x_wconf 83' lang='lat' dir='ltr'><em>clariffimi</em></span> <span class='ocrx_word' id='word_1_213' title='bbox 1231 3661 1782 3776; x_wconf 72' lang='lat' dir='ltr'><em>epithomatum</em></span> <span class='ocrx_word' id='word_1_214' title='bbox 1827 3671 1909 3752; x_wconf 90' lang='lat' dir='ltr'><em>in</em></span> <span class='ocrx_word' id='word_1_215' title='bbox 1951 3670 2209 3781; x_wconf 87' lang='lat' dir='ltr'><em>Trogi</em></span> <span class='ocrx_word' id='word_1_216' title='bbox 2235 3671 2587 3774; x_wconf 87' lang='lat' dir='ltr'><em>Pompeii</em></span> 
     </span>
     <span class='ocr_line' id='line_1_31' title="bbox 526 3754 2581 3869; baseline 0.014 -28"><span class='ocrx_word' id='word_1_217' title='bbox 526 3754 867 3842; x_wconf 68' lang='lat' dir='ltr'><em>historias</em></span> <span class='ocrx_word' id='word_1_218' title='bbox 910 3765 1094 3847; x_wconf 82' lang='lat' dir='ltr'><em>liber</em></span> <span class='ocrx_word' id='word_1_219' title='bbox 1136 3791 1298 3854; x_wconf 75' lang='lat' dir='ltr'><em>xm</em></span> <span class='ocrx_word' id='word_1_220' title='bbox 1333 3801 1509 3862; x_wconf 81' lang='grc' dir='ltr'><strong>ιιι.</strong></span> <span class='ocrx_word' id='word_1_221' title='bbox 1566 3777 1650 3861; x_wconf 88' lang='lat'>&amp;</span> <span class='ocrx_word' id='word_1_222' title='bbox 1686 3782 1994 3866; x_wconf 87' lang='lat' dir='ltr'><em>ultimus</em></span> <span class='ocrx_word' id='word_1_223' title='bbox 2029 3780 2339 3866; x_wconf 83' lang='lat' dir='ltr'><em>feliciter</em></span> <span class='ocrx_word' id='word_1_224' title='bbox 2384 3779 2581 3869; x_wconf 87' lang='lat' dir='ltr'><em>finit.</em></span> 
     </span>
     <span class='ocr_line' id='line_1_32' title="bbox 523 3869 2588 3998; baseline 0.015 -50"><span class='ocrx_word' id='word_1_225' title='bbox 523 3869 739 3951; x_wconf 87' lang='lat' dir='ltr'><em>Dein</em></span> <span class='ocrx_word' id='word_1_226' title='bbox 775 3869 1034 3985; x_wconf 85' lang='lat' dir='ltr'><em>sequit</em></span> <span class='ocrx_word' id='word_1_227' title='bbox 1043 3908 1143 3961; x_wconf 87' lang='lat' dir='ltr'><em>ur</em></span> <span class='ocrx_word' id='word_1_228' title='bbox 1202 3883 1546 3998; x_wconf 83' lang='lat' dir='ltr'><em>Philippi</em></span> <span class='ocrx_word' id='word_1_229' title='bbox 1593 3895 1967 3978; x_wconf 88' lang='lat' dir='ltr'><em>Beroaldi</em></span> <span class='ocrx_word' id='word_1_230' title='bbox 2000 3956 2028 3997; x_wconf 89' lang='lat'><strong>,</strong></span> <span class='ocrx_word' id='word_1_231' title='bbox 2109 3896 2588 3992; x_wconf 77' lang='lat' dir='ltr'><em>Bononiensis</em></span> 
     </span>
     <span class='ocr_line' id='line_1_33' title="bbox 522 3980 2585 4137; baseline 0.009 -66"><span class='ocrx_word' id='word_1_232' title='bbox 522 3980 867 4094; x_wconf 86' lang='lat' dir='ltr'><em>Epistola</em></span> <span class='ocrx_word' id='word_1_233' title='bbox 921 3988 1031 4073; x_wconf 87' lang='lat' dir='ltr'><em>ad</em></span> <span class='ocrx_word' id='word_1_234' title='bbox 1084 3998 1556 4109; x_wconf 74' lang='lat' dir='ltr'><em>magnificum</em></span> <span class='ocrx_word' id='word_1_235' title='bbox 1620 4006 1979 4094; x_wconf 84' lang='lat' dir='ltr'><em>Comitem</em></span> <span class='ocrx_word' id='word_1_236' title='bbox 2015 4009 2344 4098; x_wconf 80' lang='lat' dir='ltr'><em>Petrum</em></span> <span class='ocrx_word' id='word_1_237' title='bbox 2389 4008 2585 4137; x_wconf 71' lang='lat' dir='ltr'><em>Ma-</em></span> 
     </span>
    </p>

    <p class='ocr_par' dir='ltr' id='par_1_6' title="bbox 968 4141 2588 4225">
     <span class='ocr_line' id='line_1_34' title="bbox 968 4141 2588 4225; baseline 0.007 -37"><span class='ocrx_word' id='word_1_238' title='bbox 968 4147 981 4154; x_wconf 92' lang='lat'><strong>·</strong></span> <span class='ocrx_word' id='word_1_239' title='bbox 2370 4141 2588 4225; x_wconf 61' lang='lat' dir='ltr'><em>riam</em></span> 
     </span>
    </p>
   </div>
  </div>
 </body>
</html>
