2894 4823
612 1845 1061 1953 conveniunt
1081 1920 1107 1962 ,
1161 1854 1314 1969 ipse
1359 1841 1742 1963 agnosc0,
1812 1859 1904 1929 ut
1954 1841 2045 1927 de
2100 1842 2409 1928 conditi-

346 2041 500 2115 'one
569 2030 764 2132 Tm·
818 2029 928 2136 ἐφ’)
989 2023 1510 2132 Carthaginis.
1632 2008 1781 2096 Sed
1828 2031 1991 2092 cum
2042 2003 2409 2117 proseffics

341 2193 490 2307 fim
557 2221 670 2279 me
732 2189 1130 2302 Eusebium
1188 2182 1300 2288 ἐξ
1352 2182 1889 2286 Hieronymum
1937 2167 2211 2281 sequi,
2268 2190 2411 2250 non

362 2363 578 2449 licuit
621 2360 723 2445 ab
742 2351 1020 2444 -oorum‘
1056 2355 1360 2440 ratione
1394 2342 1812 2454 discedere.'
1899 2329 2405 2447 Tribuendum

366 2533 496 2621 boc
569 2531 762 2616 duxi
826 2500 1338 2640 antiquitati,
1393 2514 1504 2623 ἐξ
1556 2509 2023 2610 eruditioni,
2078 2498 2191 2605 ἐξ)
2240 2497 2412 2584 dili-

354 2705 669 2817 gentiae
703 2696 1005 2785 illorum
1024 2691 1298 2777 :Cum
1329 2677 1788 2797 praefit·tim
1809 2731 1836 2777 ,
1881 2675 1970 2758 in
2009 2682 2250 2757 tanta
2291 2686 2426 2748 no·

361 2888 653 2953 varum
690 2844 1106 2972 opinionum
1157 2854 1369 2966 copia
1413 2844 1526 2952 &²
1556 2844 1957 2931 varietate
1974 2894 2006 2941 ‚
2055 2835 2245 2950 quid
2288 2849 2417 2946 po-

366 3033 716 3150 ttffimum
735 3028 1111 3142 fitquerer
1129 3084 1156 3130 ,
1213 3045 1358 3115 non
1396 3012 1749 3105 haberem
1771 3037 1800 3092 .·
1854 3001 1965 3108 &⁹
2002 3000 2070 3113 [ἰ
2113 3002 2296 3086 novi
2331 2992 2452 3086 a?

369 3206 636 3316 licnjus
672 3199 981 3287 hominis
1020 3179 1572 3291 chronologiam
1606 3170 1972 3287 potiorem
2007 3155 2370 3268 duxifflm
2390 3229 2422 3275 ‚

351 3368 622 3481 suzffet
653 3396 745 3455 ea
776 3365 994 3456 novis
1027 3349 1456 3445 rationibus
1472 3401 1501 3447 ‚
1543 3331 1940 3446 multisque
1969 3324 2418 3433 confirman-
2449 3318 2458 3323 ’

212 3564 230 3579 ·
373 3532 477 3620 da
495 3563 523 3617 .·
578 3530 774 3645 quod
802 3541 983 3616 erat
1017 3523 1119 3611 ab
1150 3516 1497 3627 instituto
1531 3497 1782 3609 nostro
1808 3495 2153 3582 alienum.
2254 3489 2422 3573 Hoc

322 3705 562 3793 *enim
616 3699 876 3800 volui,
934 3668 1470 3802 συγχςωισμές
1519 3687 1829 3779 regum,
1888 3655 2000 3762 &²
2037 3653 2425 3738 clarorum

371 3873 729 3957 virorum
747 3923 777 3973 ‚
825 3862 1082 3974 aliquo
1129 3845 1336 3937 modo
1389 3839 1478 3927 ob
1536 3829 1772 3919 oculos
1826 3839 2149 3936 ponere:
2203 3806 2434 3923 Quod

1352 4003 1497 4106 Tt
1545 4016 1579 4086 t
1667 4018 1711 4108 ς
2352 3970 2435 4089 fi
