2894 4823
601 246 665 314 L
712 266 739 317 1
790 265 856 316 n.
956 240 1398 315 xxxvn.
1469 209 1474 216 “
1532 242 1591 314 c
1635 263 1680 315 A
1726 264 1788 314 P.
1892 241 2045 316 111.
2212 250 2350 335 637

301 417 813 515 gratulationem
847 414 1189 489 adventus
1240 413 1339 488 sui
1370 471 1391 504 ,
1460 411 1538 487 ὅ(
1570 414 1698 487 filii
1728 416 1951 513 geniti
1991 467 2015 506 ‚
2067 440 2348 490 veneno

299 517 707 612 periclitatus
735 516 875 589 est:
929 512 1263 609 fiquidem
1291 515 1605 586 Laodice
1635 514 1860 602 soror,
1917 539 2077 587 cum
2103 514 2350 609 periffe

300 637 446 686 eum
499 611 812 688 crederet
854 670 875 702 ,
966 612 1039 684 in
1098 612 1513 684 concubitus
1560 612 1945 684 amicorum
1997 613 2345 707 projecta,

301 711 467 806 quasi
509 710 872 785 adrniffurn
906 708 1175 782 facinus
1213 711 1477 806 majore
1516 707 1772 782 scelere
1806 731 2050 804 tegere
2087 709 2352 805 postet,

299 831 635 896 venenum
674 807 1080 882 advenienti
1122 808 1420 901 paravit.
1504 802 1529 852 ⁸
1563 805 1768 907 Quod
1802 831 1960 879 cum
1995 833 2082 880 ex
2129 810 2348 881 ancil·

299 907 356 978 la
386 899 843 981 Mithridates
876 899 1354 1003 cognovisset,
1402 901 1674 978 facinus
1718 905 1792 978 in
1837 905 2154 981 auctores
2191 907 2344 980 vin-

294 1004 572 1079 dicavit.

382 1106 574 1177 Cir.
628 1101 764 1176 IV.
853 1099 1169 1176 ¹Hieme
1235 1097 1495 1173 deinde
1566 1120 2005 1198 appetente,
2081 1101 2342 1177 nonin

286 1203 659 1291 convivi0‚
710 1200 827 1275 sed
859 1204 926 1274 in
965 1197 1217 1292 campo
1249 1220 1283 1284 ⁰,
1338 1220 1480 1269 non
1513 1196 1582 1270 in
1618 1201 2100 1274 vacationibus
2131 1257 2151 1291 ,
2224 1201 2345 1275 sed

287 1300 352 1372 in
390 1300 1049 1394 exercitationibu33
1099 1319 1235 1368 nec
1274 1293 1461 1368 inter
1499 1294 1766 1368 sodales
1802 1351 1823 1384 ,
1872 1297 1983 1372 sed
2018 1300 2201 1375 inter
2229 1327 2344 1376 ae-

285 1400 561 1494 qualeS,
609 1417 726 1472 aut
768 1421 947 1495 equo
973 1451 996 1488 ‚
1043 1413 1165 1471 aut
1207 1395 1444 1485 cursu,
1498 1413 1620 1466 aut
1660 1393 1926 1470 viribus
1959 1401 2340 1571 contenbde-

2245 1518 2338 1572 at.

1348 1667 1538 1721 tionibus
1563 1669 1642 1721 bic
1681 1670 1908 1731 opponit.
1957 1675 2216 1723 Vacationtt
2247 1690 2344 1721 mn-

1349 1752 1501 1785 ncrua
1558 1739 1776 1795 appellat
1826 1737 2027 1787 Tacitus
2086 1751 2128 1786 1.
2184 1749 2254 1794 17.
2289 1752 2339 1795 7.

1352 1801 1397 1846 δι
1451 1798 1772 1858 Quintilianus
1811 1801 1944 1849 Orat.
1990 1814 2084 1860 pro
2140 1799 2339 1849 Milite:

1351 1861 1565 1909 Militare
1620 1865 1758 1909 otim
1821 1865 1890 1910 est
1948 1865 2110 1913 eidem
2164 1861 2343 1912 Tacito

1352 1924 1538 1970 Histor.
1591 1937 1633 1971 1.
1668 1926 1751 1984 46.
1790 1936 1838 1979 s.
1885 1926 1946 1973 dc
2009 1940 2111 1985 quo
2164 1929 2337 1976 Livius

1359 1985 1504 2032 ctiam
1541 1999 1630 2033 vu.
1651 1997 1700 2042 7.
1720 1988 1766 2032 8.
1809 1988 2144 2046 accipiendus.
2172 1991 2343 2049 ltaque

1354 2057 1576 2096 veterem
1612 2047 1947 2107 impressbrum
1976 2051 2239 2100 lectionem
2267 2066 2347 2100 re-

1284 2125 1291 2132 ‘
1353 2123 1540 2157 vocare
1574 2121 1673 2157 non
1716 2111 1952 2159 dubitavi.
2009 2116 2101 2160 Sed
2141 2116 2351 2166 omnino

1357 2172 1548 2220 testum
1601 2174 1671 2219 est
1708 2206 1725 2232 ‚
1783 2174 2151 2224 advocationibus.
2216 2178 2345 2225 Vide

1357 2235 1556 2283 Gruteri
1591 2248 1732 2283 notas
1753 2236 1803 2281 in
1823 2239 2143 2296 Panegyricos
2168 2252 2347 2300 p.577.

1357 2297 1445 2347 fin.
1487 2301 1532 2346 δι
1570 2296 1673 2356 seq.
1701 2299 1926 2346 Beaxec.

1419 2363 1505 2409 Sal
1534 2365 1655 2410 iuter
1693 2365 1944 2426 coaequales
1974 2375 2059 2411 aut
2085 2378 2188 2427 equo
2207 2400 2225 2427 ‚
2258 2379 2344 2416 aut

1352 2427 1480 2485 cursis
1501 2460 1518 2483 ‚
1562 2438 1646 2474 aut
1693 2430 1867 2475 viribus
1910 2430 2232 2493 contendebat]
2267 2432 2345 2479 sic

1351 2491 1413 2537 de
1469 2488 1709 2548 Pompeio
1730 2523 1748 2548 ‚
1798 2490 1877 2539 cui
1914 2504 1992 2540 res
2019 2494 2177 2551 gestae
2205 2494 2344 2553 Mag-

1350 2552 1600 2601 ninomen
1621 2566 1868 2611 peperere
1883 2587 1901 2612 ‚
1921 2556 2345 2620 Sallustiusnequi·

1351 2629 1452 2664 tare
1470 2649 1487 2674 ‚
1508 2619 1717 2674 jaculari,
1741 2651 1760 2677 ,
1805 2618 1932 2677 carsit
1961 2635 2056 2667 cum
2087 2625 2345 2684 aequalibus

1350 2691 1541 2727 conare.
1601 2682 1755 2727 Porro
1796 2684 1850 2728 in
1895 2685 2344 2742 praecedentibus;

341 1676 389 1722 8.
418 1672 608 1723 &ciunt
651 1677 699 1724 in
749 1679 943 1727 austures
986 1674 1272 1739 vindicavit]

281 1735 544 1795 Quomodo
592 1742 641 1786 in
671 1743 894 1800 maures,
946 1751 1056 1789 etun
1086 1742 1146 1788 de
1167 1739 1274 1786 uni·

284 1811 339 1846 ca
371 1801 687 1859 praecesserit
706 1803 953 1851 Laodice?
983 1815 1101 1861 puto
1133 1803 1275 1859 igitur

285 1864 331 1908 in
373 1867 556 1911 anctore
613 1862 956 1923 scribendum,
1010 1865 1096 1912 nisi
1134 1864 1278 1911 malis

282 1927 330 1970 in
371 1930 557 1973 castore
602 1930 709 1984 ejus.
762 1927 821 1973 Et
855 1927 1015 1984 potest
1048 1925 1160 1974 fieri
1183 1958 1200 1981 ,
1226 1938 1279 1972 ut

287 1999 346 2034 ex
390 1992 577 2036 αηέὶονσ
617 1992 708 2046 ejus
766 1987 971 2043 junctim
1034 1988 1218 2046 scripto
1261 2019 1279 2045 ‚

280 2062 331 2097 ut
363 2051 514 2110 saepe
556 2050 685 2098 solet
717 2049 768 2097 in
805 2050 949 2098 libris
992 2051 1243 2098 veteribus
1267 2081 1283 2107 ,

278 2111 573 2162 formaretur
605 2114 727 2161 illud
759 2117 972 2162 aufiores.
998 2115 1203 2161 Seuere.

341 2177 463 2225 CAP.
501 2179 588 2225 lv.
629 2190 671 2224 ι.
697 2178 853 2225 Hieme
884 2176 1079 2238 deinde]
1121 2175 1277 2223 Etiam

280 2238 492 2288 bibernis
554 2238 731 2290 diebus
787 2241 1098 2288 exercendos
1152 2237 1281 2286 mili·

281 2311 396 2361 tes,
442 2315 507 2351 ne
559 2303 816 2350 intermissa
874 2302 1181 2351 consuetudo
1234 2302 1280 2348 ὗε

283 2369 472 2414 annuos
523 2378 695 2415 eorum
751 2365 982 2415 debilitet
1018 2366 1063 2414 ἀ
1094 2376 1274 2423 corpo·

285 2440 334 2475 ra
354 2462 368 2486 ‚
387 2441 562 2476 monet
595 2431 826 2489 vegetius
844 2444 918 2479 ιι.
938 2442 1017 2485 23.
1051 2429 1277 2475 Brumae.

339 2494 497 2538 Hieano
535 2494 684 2539 deindo
713 2492 977 2556 appetente]
1011 2494 1106 2540 Pro
1140 2495 1276 2539 biom

280 2554 429 2602 &aaa
459 2557 711 2604 inminente
735 2591 751 2616 ‚
783 2556 925 2616 Angli
959 2558 1096 2605 bime
1122 2555 1277 2603 deindo

281 2629 524 2677 appetente.
606 2621 828 2668 Alterum
877 2623 1052 2667 horum
1098 2618 1167 2664 est
1210 2630 1274 2664 ex

279 2680 433 2737 gloss'a.
505 2679 566 2726 Et
610 2683 722 2739 quia
772 2682 891 2731 illud
929 2693 1155 2743 appetaente
1187 2682 1276 2728 do·

282 2741 435 2803 fiius,
479 2755 632 2801 quam
688 2756 739 2792 ut
779 2744 1034 2793 Glossatori
1090 2755 1277 2791 conve-

278 2806 415 2864 niat,
458 2805 657 2854 idcirco
704 2808 962 2865 genuinum
1019 2807 1113 2854 effe
1159 2818 1275 2853 cen·

283 2868 362 2914 seo
377 2868 569 2930 Justini.
586 2869 693 2917 Liv.
711 2870 796 2917 lib.
812 2883 861 2919 v.
882 2872 1162 2918 conitiorum
1176 2885 1274 2915 con·

271 2930 495 2989 solariam
506 2936 609 2991 jam
625 2934 856 2994 appetebat
877 2944 1051 2994 tenpus.
1069 2935 1273 2979 Scunrr.

280 2997 478 3043 Secutus
538 2993 642 3042 sum
697 2996 991 3055 BritannOS,
1027 2996 1110 3054 qui
1148 2993 1274 3041 hanc

282 3057 546 3104 ustionem
567 3071 629 3106 ex
649 3059 840 3106 duobus
860 3058 1114 3106 codicibus
1133 3069 1274 3104 erue-

282 3131 402 3167 runt.
432 3122 670 3178 Vulgatat
704 3124 843 3170 hienae
864 3123 1019 3171 deindo
1045 3124 1274 3169 inminen-

284 3194 335 3229 te.
376 3186 582 3233 (ἴων.
630 3224 633 3229 .

343 3248 444 3294 Non
493 3250 545 3293 in
600 3247 945 3311 vocationibus]
991 3248 1276 3306 Bongarfius

284 3309 434 3357 edidit
503 3310 876 3359 advocationibus.
938 3313 1089 3373 Janus
1133 3309 1272 3357 Guil-

280 3371 487 3419 lielmius
541 3373 628 3422 lib.
670 3386 715 3421 1.
763 3375 1022 3422 Verifimil.
1053 3386 1162 3431 cap.
1197 3374 1272 3420 18.
1310 3422 1319 3431 ,

284 3446 311 3480 a
343 3436 581 3484 Palmerio
622 3436 671 3483 se
706 3438 947 3485 monitum
983 3436 1187 3493 scribit,
1227 3435 1275 3482 oc

282 3500 534 3546 contendit
567 3498 805 3558 Medius,
851 3500 1057 3548 omnino
1091 3499 1169 3546 hic
1200 3500 1271 3545 le·

280 3561 489 3616 gendum
522 3566 853 3621 vocationibus,
899 3565 995 3611 hoc
1017 3561 1112 3621 cst,
1142 3560 1289 3609 invi-'

284 3622 573 3682 rationibus,
620 3625 899 3683 conviviis,
944 3626 1009 3673 de
1045 3637 1146 3681 quo
1184 3627 1269 3683 fig-

284 3682 481 3733 nificatu
520 3688 648 3744 supr.
686 3689 746 3734 ad
776 3700 871 3736 κη.
890 3690 938 3735 6.
966 3701 1010 3736 1.
1038 3687 1270 3736 diximus.

288 3745 467 3793 Verum
516 3751 700 3807 Llpssus
749 3751 865 3798 Not.
887 3764 966 3810 90.
1016 3751 1074 3798 ad
1113 3750 1269 3798 Taciti

285 3805 463 3856 Hister.
485 3824 522 3860 ι.
550 3813 798 3870 pertendit
835 3812 1025 3861 rectum
1053 3813 1146 3860 effe
1178 3816 1267 3859 Va-

289 3873 521 3921 cotias-ibus
547 3900 579 3933 ‚=
615 3878 662 3921 &
699 3876 1045 3934 interpretatur
1076 3877 1137 3923 de
1173 3877 1269 3922 Va-

283 3932 554 3984 rationibus
572 3936 849 3987 militarium
878 3950 1088 3995 operum
1109 3971 1126 3996 ‚
1148 3951 1269 3995 quas

279 3995 421 4047 reete
464 4003 768 4060 proprieque,
820 4002 1003 4055 Noster
1049 4004 1269 4051 exercita-

1352 2758 1436 2788 non
1463 2745 1511 2789 in
1537 2743 1893 2793 advocationibus
1919 2779 1936 2805 ‚
1973 2747 2058 2805 sed
2084 2751 2134 2795 in
2170 2752 2356 2798 exorci-.

1350 2807 1625 2865 rationibus,
1668 2807 1758 2854 suit
1794 2821 1904 2856 cum
1941 2812 2198 2867 legendum
2234 2813 2342 2860 exi-

1354 2866 1636 2923 stimarem3
1663 2886 1747 2915 non
1783 2873 1832 2917 in
1864 2877 2339 2932 vocationibus‚quae

1353 2929 1422 2976 est
1442 2962 1460 2987 ‚
1487 2942 1538 2976 ut
1575 2930 1718 2985 supra
1738 2931 1923 2990 docui,
1950 2947 2053 2979 vox
2079 2937 2342 2984 convivio-

1349 3003 1459 3039 rum
1491 2991 1787 3051 peculiaris‚
1823 2994 1869 3040 δε
1904 2998 2140 3044 convenit
2175 2998 2343 3046 insane

1349 3056 1482 3102 bene
1534 3066 1645 3101 curn
1698 3067 1760 3103 eo
1811 3057 1943 3113 quod
1980 3057 2199 3116 sequitur
2220 3073 2238 3116 3
2261 3077 2340 3109 mo

1349 3121 1472 3166 inter
1492 3119 1678 3178 fidalet.
1743 3118 1859 3167 Erat
1891 3119 2025 3166 enim
2049 3121 2340 3183 sodalitium,

1353 3182 1488 3240 quod
1538 3180 1716 3229 Graeci
1768 3179 1990 3237 ἑταιρηίην
2033 3185 2239 3239 dicunt.
2265 3200 2341 3234 te-

1352 3247 1423 3293 ste
1456 3242 1581 3300 Gaio
1626 3246 1742 3291 ICto
1780 3242 1832 3292 L.
1868 3247 1954 3293 ult.
1979 3247 2089 3305 Dig.
2119 3250 2182 3295 de
2220 3251 2338 3297 Col-

1347 3313 1443 3367 leg.
1478 3310 1523 3355 ὄι
1555 3308 1708 3366 Corp.
1742 3307 2074 3357 Tertullianus
2132 3312 2219 3361 lib.
2262 3327 2344 3361 ιι.

1348 3375 1410 3420 ad
1451 3373 1672 3417 Uxorem
1712 3382 1820 3425 cau.
1856 3371 1902 3418 6.
1947 3373 2198 3431 Destumbet
2242 3391 2344 3423 enan

1345 3437 1510 3483 marito
1561 3437 1610 3481 in
1652 3434 1873 3493 sodalitiis
1892 3466 1910 3492 ‚
1939 3434 2055 3496 saepe
2083 3442 2131 3485 in
2160 3442 2343 3497 popinis.

1346 3500 1528 3545 Cicero
1553 3499 1617 3544 de
1649 3495 1911 3545 Senet‘tute
1948 3510 1992 3543 c.
2027 3512 2101 3556 ¹3·
2121 3501 2342 3560 sodalita-

1346 3574 1411 3610 tes
1445 3563 1698 3618 appellat:
1731 3567 1879 3616 quem
1917 3560 2067 3621 vide,
2096 3577 2208 3612 cum
2239 3565 2344 3619 ibi..

1346 3636 1450 3672 tum
1491 3635 1585 3680 pro
1620 3623 1820 3670 Plancio
1860 3634 1904 3669 c.
1928 3633 2002 3676 ¹5.
2045 3628 2126 3675 ubi
2183 3630 2343 3689 legem

1348 3687 1592 3744 quandam
1623 3685 1862 3733 Liciniam
1901 3684 1962 3731 de
1996 3687 2066 3738 his
2100 3694 2244 3740 latam
2259 3705 2340 3740 rc-

1343 3749 1456 3796 fert.
1489 3748 1632 3796 Mon.

1404 3807 1937 3871 CoaequalesJLatinius
1953 3815 2144 3875 Juntino
2181 3818 2226 3864 δε
2261 3818 2345 3865 alil

1344 3873 1552 3932 impr-elli
1581 3875 1794 3932 aequales.
1825 3877 2073 3934 Aequales
2094 3880 2224 3927 enim
2238 3894 2348 3927 me-

1347 3937 1487 3985 lioris
1524 3936 1694 4006 aetatis
1733 3934 2047 3993 scriptoribus
2083 3943 2190 3991 sunt
2216 3942 2345 3997 ejus·

1347 4000 1463 4050 dein
1502 4010 1672 4047 aetatis
1702 3999 1960 4064 homines,
1990 4018 2093 4055 nou
2129 4021 2344 4067 coaequa·

2246 4069 2306 4119 ΙΝ
2324 4100 2342 4127 0
