2894 4823
617 296 1929 384 PRAEFATIONES.
2221 322 2329 382 xv

268 468 472 560 vene,
528 470 750 544 scelus
781 466 998 545 fuerit
1030 464 1355 563 inlignite
1404 485 1739 560 magnum
1766 520 1790 553 ,
1835 462 2122 540 aunarii
2167 467 2336 543 vice

259 567 430 645 forte
464 591 617 643 non
650 568 991 645 inutiliter
1027 566 1317 661 adjungi
1347 583 1634 660 queant.
1719 566 1824 639 Ut
1858 584 2095 638 autem
2125 564 2325 661 igno·

256 669 407 741 bilis
445 664 534 749 ἃ
569 668 906 745 obscurus
938 666 1068 747 iste
1111 662 1492 757 colligendi
1536 662 1733 735 labor
1767 662 2089 735 molestia
2120 660 2330 758 quam

250 764 551 860 ingenio
581 767 853 857 maiore
879 761 1226 837 constitit:
1251 762 1356 833 ita
1384 760 1725 856 seligendi
1760 758 1836 832 ἃ
1874 761 2331 857 expendendi

250 862 509 962 lingula
566 866 955 950 rationem,
995 862 1180 939 haud
1224 859 1463 952 paullo
1509 862 1664 954 plus
1702 857 1951 953 judicii
2001 858 2199 933 fimul
2251 858 2333 935 δι

252 963 675 1034 eruditionis
733 962 1072 1055 exigere,
1124 981 1335 1035 nemo
1376 957 1774 1053 negaverit.
1823 959 2073 1053 quibus
2114 959 2335 1055 qu'am

248 1080 494 1153 parum
527 1084 675 1155 ego
725 1063 997 1139 valeam
1028 1114 1051 1148 ,
1098 1079 1238 1130 non
1284 1056 1385 1129 ita
1426 1054 1796 1145 Suffenus,
1856 1079 1995 1129 nec
2036 1058 2139 1129 ita
2185 1059 2334 1132 mei

248 1158 389 1233 sum
430 1157 651 1255 ipfius
682 1161 1005 1255 ignarus,
1055 1176 1305 1233 utnon
1344 1154 1783 1249 pervideam.
1886 1154 2187 1255 Quando
2228 1174 2334 1230 ta·

247 1281 406 1333 men
456 1256 873 1350 impositum
923 1257 966 1327 a
1014 1254 1287 1340 Vobis,
1337 1252 1756 1345 Ampliffimi
1808 1252 2012 1341 Viri,
2078 1277 2340 1331 munus

248 1355 381 1431 hoe
421 1355 464 1428 a
497 1379 623 1431 me
670 1355 961 1451 requirit
990 1408 1012 1442 ,
1061 1372 1140 1425 ut
1179 1370 1589 1447 operantem
1635 1351 1836 1425 bonis
1880 1350 2098 1427 literis
2131 1405 2153 1442 ,
2207 1356 2328 1427 bo·

250 1477 383 1535 nae
425 1455 663 1527 menti
693 1456 1150 1549 juventutem
1182 1454 1252 1529 in
1280 1452 1417 1523 hoc
1444 1471 1711 1544 genere
1752 1448 2133 1523 studiorum
2172 1477 2326 1528 eru·

246 1552 435 1629 diam
467 1604 498 1641 ‚
564 1570 839 1647 quanto
876 1551 1103 1625 minus
1145 1547 1293 1625 istis
1339 1570 1517 1640 quae
1561 1548 1712 1620 dixi
1765 1545 2120 1641 praesidiis
2166 1575 2331 1646 pos·

247 1654 393 1725 sum
429 1705 454 1738 ,
535 1649 842 1727 subfidio
898 1650 1075 1725 mibi
1130 1645 1577 1742 diligentiam
1636 1647 2067 1740 comparabo
2104 1701 2127 1735 ,
2191 1650 2338 1744 quo

248 1771 487 1845 partes
552 1750 765 1822 hasce
818 1770 1010 1821 meas
1062 1747 1353 1839 implere
1414 1746 1990 1839 qualitercunque
2053 1746 2330 1841 poffim.

249 1850 361 1920 Ac
394 1848 706 1941 primum
745 1846 1029 1942 quidem
1064 1896 1091 1935 ,
1139 1845 1328 1939 quod
1374 1843 1670 1931 videtis,
1735 1842 2121 1938 periculum
2147 1901 2169 1936 ,
2218 1848 2329 1922 id-

255 1970 386 2041 que
425 1947 686 2021 timide
730 1945 932 2031 satiS‚
981 1968 1068 2019 ac
1123 1943 1330 2015 valde
1374 1961 1702 2015 metuens
1737 1942 2165 2035 judiciorum
2202 1971 2334 2041 pu-

256 2045 639 2130 blicorum,
695 2044 773 2117 in
813 2041 1080 2137 Justino
1114 2040 1293 2115 fecit
1345 2040 1544 2134 cujus
1593 2063 1847 2135 paucas
1861 2094 1890 2131 ‚
1938 2044 2124 2140 quod
2174 2044 2330 2141 post

258 2141 707 2237 Bongarlium
760 2140 838 2215 δι’.
886 2140 1224 2219 Modium
1257 2193 1282 2228 ,
1348 2141 1545 2211 viros
1601 2141 1910 2214 maxime
1952 2141 2331 2218 industrios

259 2238 333 2314 ἃ
377 2241 666 2328 felices,
726 2237 833 2313 est
877 2235 1151 2315 necesse
1181 2294 1203 2326 ,
1252 2238 1556 2311 maculas
1605 2236 1887 2311 abstersi
1929 2262 1947 2312 ε
2018 2240 2336 2317 Notulan

260 2363 526 2436 quoque
553 2339 979 2427 nonnullas,
1029 2339 1339 2435 ipsorum
1369 2334 1592 2408 Notis
1620 2334 2007 2425 immiscui,
2059 2339 2334 2435 semper

258 2437 557 2532 ingenue
586 2436 975 2535 professus,
1024 2437 1068 2510 a
1095 2460 1233 2533 quo
1274 2455 1595 2531 quaeque
1638 2452 1993 2508 mutuatus
2033 2435 2335 2517 fuerim:

260 2556 337 2610 nt
365 2560 455 2609 ne
497 2562 674 2635 quos
713 2560 863 2613 rem
895 2534 1230 2610 furtivam
1259 2557 1348 2608 ex
1377 2532 1627 2608 Atinia
1658 2533 1819 2632 lege
1853 2534 2339 2614 vindicatum·

260 2654 567 2712 metuere
607 2631 890 2711 necell‘e
936 2635 1295 2712 haberem.
1395 2632 1627 2727 Ipsum
1676 2632 1985 2728 denique
2040 2655 2336 2713 contex-

263 2751 449 2823 tum,
499 2734 834 2830 repetitis
875 2751 982 2805 tot
1030 2730 1466 2812 editionibus
1519 2729 1816 2804 mirifice
1862 2753 2267 2828 corruptum
2298 2788 2330 2827 ‚

261 2831 298 2904 it
318 2834 589 2907 mendis
615 2831 1189 2928 typographicis,
1223 2829 1458 2926 quoad
1483 2852 1609 2923 per
1641 2829 2121 2906 morolitatem
2158 2858 2336 2929 ope«

268 2952 485 3004 rarum
520 2933 598 3005 id
638 2929 843 3006 licuit
865 2982 886 3015 ,
933 2930 1421 3023 incorruptum
1453 2927 1804 3022 praestare
1834 2931 1976 3008 sum
2008 2952 2334 3008 conatus.

274 3027 468 3128 Quod
519 3031 699 3106 haec
751 3029 971 3106 editio
1015 3026 1477 3123 praecipuum
1507 3050 1594 3099 ac
1639 3049 1906 3101 novum
1944 3029 2155 3104 habet
2184 3084 2205 3118 ,
2258 3033 2333 3108 id

276 3131 557 3202 maxime
593 3149 900 3214 vereor,
947 3149 1039 3204 ne
1078 3127 1456 3202 multorum
1485 3123 2051 3221 reprehensioni,
2105 3127 2155 3201 fi
2185 3151 2333 3210 non

283 3220 563 3318 &risui,
606 3228 698 3308 fit
731 3225 1150 3300 obnoxium.
1249 3226 1357 3299 Ea
1408 3223 1511 3300 est
1555 3242 1968 3300 tmematum
2011 3224 2155 3298 live
2214 3249 2333 3300 ca-

293 3329 479 3408 pitum
537 3326 890 3400 haetenus
963 3323 1371 3400 ulitatorum
1431 3324 1508 3400 in
1577 3325 1946 3398 tmematia
2015 3324 2332 3415 divisio,

303 3438 428 3509 quos
451 3428 667 3524 vulgo
700 3419 1086 3498 versiculos
1118 3423 1497 3519 appellant.
1545 3425 1552 3436 '
1600 3424 1786 3494 Rem
1829 3421 2073 3496 dicent
2105 3425 2338 3495 minu-

311 3526 768 3620 &cujusdam
798 3545 883 3596 ac
927 3545 1153 3615 prope
1190 3521 1477 3613 putidae
1526 3521 1987 3615 diligentiae,
2041 3519 2113 3593 ἃ
2149 3544 2339 3617 quae:

317 3606 537 3695 &litati
578 3621 879 3699 lestoris
929 3622 1257 3715 ignaviae
1303 3620 1704 3694 subscribat.
1817 3619 2336 3696 Verumtamen

318 3729 437 3782 mm
459 3721 520 3791 id
548 3724 939 3796 inventurn
967 3718 1336 3792 industrios
1352 3742 1630 3815 quoque
1667 3721 2142 3811 temporisque
2175 3743 2331 3811 par·

318 3819 793 3917 (Psplurimurn
826 3818 1073 3914 juvet:
1119 3813 1196 3889 δι
1245 3815 1336 3887 ad
1372 3817 1925 3908 exemplarium,
1974 3839 2154 3909 quae
2197 3839 2334 3892 una

297 3905 667 3998 discentibus
730 3914 1273 3998 adolescentulis
1297 3917 1614 4018 in,manu
1659 3916 1814 3990 sunt
1829 3966 1856 4005 ,
1874 3915 2329 3992 conformita-

2134 4033 2282 4089 tem
2308 4067 2338 4106 ,
