2894 4823
586 358 716 421 xv!
976 330 2365 415 PRAEFATIONES·

582 523 731 580 tem
759 560 781 592 ‚
828 503 1029 575 novis
1063 527 1102 576 a
1158 500 1543 575 Didafflcis
1575 520 1716 574 non
1763 500 2021 596 absque
2054 501 2328 579 ratione
2360 516 2680 600 magno.⁵

581 628 757 701 pere
785 601 1347 674 commendatam
1369 653 1393 689 ‚
1420 602 1742 696 proxime
1773 600 2109 672 accedat:
2145 598 2222 673 ἃ
2255 622 2423 672 vero
2458 627 2674 675 cum⁴

581 704 826 799 primis
877 702 1016 774 boc
1068 700 1367 793 praestet
1398 750 1420 789 -,
1488 721 1580 771 ne
1624 697 1949 790 repetitis
2009 698 2437 770 editionibus
2471 751 2495 789 ,
2551 704 2674 779 ob

481 861 485 865 .
581 820 890 874 mutatos
948 799 1358 894 paginarum
1416 797 1892 885 linearumque
1937 817 2262 868 numeros
2297 847 2324 885 ,
2383 821 2672 874 errores

580 901 764 971 adeo
802 895 991 969 faedi
1021 894 1276 991 poflint
1317 895 1663 989 irrepere:
1715 891 1815 965 est
1862 895 2050 988 quod
2093 894 2411 988 sperem,
2460 897 2673 972 idem

582 998 703 1072 usu
738 1020 820 1070 ac
856 1015 1176 1089 tempore
1206 1016 1344 1067 non
1377 994 1848 1088 improbatum
1892 992 1998 1064 iri.

684 1097 1010 1166 Ceterum
1052 1093 1347 1188 opellam
1383 1090 1569 1165 hanc
1601 1088 2155 1186 qualemcunque
2194 1107 2420 1166 meam
2444 1092 2674 1186 Justi-

582 1216 678 1267 no
710 1216 794 1265 ac
832 1191 1169 1264 studiosae
1191 1190 1553 1284 juventuti
1584 1186 2005 1280 praestitam,
2045 1190 2668 1274 Vobi8,eminen·

579 1292 817 1365 tiffimi
857 1290 1146 1363 Domini
1178 1289 1684 1374 Scholarchae,
1735 1308 1863 1357 ceu
1898 1286 2147 1381 quibus
2193 1288 2326 1360 otii
2371 1289 2510 1361 mei
2542 1312 2670 1361 ra-

579 1391 858 1463 tionem
895 1389 1099 1460 unice
1128 1388 1417 1458 reddere
1451 1404 1736 1473 teneor,
1761 1400 1836 1454 ut
1864 1382 2181 1457 debitam
2202 1433 2222 1472 ,
2243 1387 2342 1457 ita
2377 1387 2674 1482 pridem

582 1491 920 1561 devotam
978 1506 1186 1582 atque
1245 1482 1644 1577 promissam
1681 1535 1703 1570 ,
1756 1504 1947 1555 nunc
1991 1485 2274 1555 demum
2312 1484 2659 1559 exhibeo.

580 1588 764 1659 Cum
808 1585 1091 1659 adversa
1137 1584 1423 1656 subinde
1485 1581 1814 1653 valetudo
1845 1632 1870 1666 ‚
1947 1599 2095 1653 tum
2149 1583 2671 1679 occupationes

580 1684 1067 1761 Academicae
1100 1737 1121 1768 ‚
1179 1703 1526 1775 curaeque
1581 1677 2006 1753 domesticae
2041 1732 2061 1764 ,
2117 1677 2478 1753 festinanti
2516 1703 2667 1755 trae

584 1786 821 1880 gulam
856 1782 1272 1876 injecerunt.
1375 1780 1467 1850 Et
1514 1776 1719 1850 facile
1755 1778 2039 1873 quidem
2082 1775 2468 1872 perspicio,
2523 1780 2669 1854 hae

580 1879 991 1975 interposita
1023 1879 1340 1973 longiore
1371 1896 1569 1947 mora
1595 1929 1620 1964 ‚
1679 1874 1980 1969 promisti
2027 1875 2166 1949 mei
2205 1880 2497 1972 gratiam
2533 1901 2661 1952 exo

580 1978 986 2075 pestatione
1033 1974 1540 2069 consumptam.
1663 1976 2008 2045 Attamen
2055 1975 2126 2045 in
2178 1975 2498 2049 secundis
2532 1976 2661 2050 ha*

582 2081 767 2167 bec,
819 2100 956 2149 non
998 2072 1325 2146 fefellisse
1364 2095 1380 2144 τ
1434 2072 1771 2166 speroque
1807 2126 1829 2158 ,
1879 2072 2432 2169 qualemcunque
2462 2073 2660 2148 hunc

582 2179 878 2264 librum,
927 2194 1225 2268 magnae
1268 2170 1715 2266 gratitudinis
1747 2189 2237 2263 argumentum
2273 2173 2649 2270 exiguum,

581 2301 673 2349 ac
704 2277 1015 2349 laborum
1051 2289 1259 2343 tenue
1294 2272 1645 2365 specimen
1673 2268 1868 2354 ‚Vos
1901 2268 2101 2364 aequi
2137 2270 2442 2365 bonique
2477 2288 2647 2343 cona

583 2376 875 2448 sulturos
904 2424 931 2462 ,
982 2368 1058 2444 &
1108 2372 1222 2442 vel
1273 2369 1410 2442 hoc
1455 2364 1738 2440 nomin‘e
1783 2389 1922 2441 non
1973 2367 2320 2464 ingratum
2372 2370 2647 2442 habitm

584 2497 740 2561 roa,
776 2471 958 2567 quod
995 2469 1405 2542 memoriam
1439 2468 1672 2539 Vobis
1704 2466 2071 2539 revocabit
2106 2467 2286 2538 illius
2317 2468 2414 2562 JA
2437 2493 2474 2540 c
2497 2482 2645 2540 0131

583 2575 1153 2653 BoNGARsu,
1203 2566 1334 2636 viri
1398 2565 1600 2636 bonis
1642 2587 1728 2634 ac
1771 2563 2000 2636 doctis
2045 2566 2369 2637 omnibus
2415 2567 2640 2638 lauda⁴

582 2667 949 2751 (latissimi,
1000 2661 1077 2736 δι
1129 2682 1360 2734 tamen
1409 2653 1756 2757 nu'nquam
1811 2660 1975 2733 satis
2016 2662 2322 2738 laudati:
2377 2665 2466 2737 de
2511 2665 2642 2737 hac

583 2766 868 2863 quidem
902 2781 1096 2834 certe
1152 2761 1592 2854 Republica,
1627 2762 1787 2831 cum
1821 2760 2120 2834 Henrici
2155 2763 2412 2857 Magni
2452 2759 2649 2835 miffu

578 2869 932 2961 Legatum
989 2862 1337 2954 quondam
1396 2858 1486 2929 ad
1529 2882 1685 2930 eam
1739 2877 2032 2951 ageret,-
2080 2859 2268 2955 quod
2325 2860 2451 2954 ipsi
2505 2881 2650 2935 non

580 2961 924 3060 ignoratis
961 3012 982 3046 ,
1049 2957 1308 3032 eximie
1365 2959 1623 3030 meriti.
1732 2958 1944 3052 Cujus
2017 2959 2406 3050 elogiorum
2474 2959 2653 3031 sum-

582 3082 770 3136 mam
823 3058 1077 3153 dignus
1127 3075 1329 3127 tanto
1368 3056 1525 3127 viro
1578 3055 1847 3127 amicus
1881 3109 1903 3141 ‚
1977 3054 2192 3149 Janus
2250 3056 2596 3131 Gruterus
2625 3109 2655 3153 ,

585 3160 780 3235 hisce
810 3158 1217 3246 complexus
1248 3152 1394 3242 est,
1457 3154 1608 3248 ejus
1645 3152 1934 3247 imagini
1969 3152 2329 3245 subiectis:

678 3260 748 3330 A
773 3281 888 3351 quo
917 3256 1243 3326 candorem
1269 3269 1523 3347 poterat
1543 3250 1674 3344 fibi
1688 3250 1949 3346 sumere
1994 3253 2284 3343 Candor,

771 3355 989 3426 Fidem
1034 3353 1259 3431 Fides,
1313 3347 1673 3445 modestiam
1714 3348 2076 3446 Modcstia:

677 3453 944 3554 ,Quoque
980 3455 1193 3521 minus
1205 3446 1445 3544 fuerat
1485 3451 1715 3520 Pietas
1744 3453 1903 3543 pia,
1957 3450 2192 3521 Gratia
2219 3466 2462 3543 grata}

774 3552 922 3652 Quo
963 3553 1257 3620 Comites
1287 3552 1499 3618 minus
1528 3551 1780 3632 comiss
1811 3551 2026 3618 minus
2058 3548 2303 3644 Lepos:

677 3650 1030 3751 ‚Quaelibet
1068 3672 1108 3716 α
1145 3669 1259 3739 quo
1290 3646 1616 3735 gaudebat
1661 3646 1971 3718 Doctrina
2001 3648 2248 3721 doceri.-

778 3747 924 3817 Tali
963 3746 1268 3817 videndus
1300 3767 1403 3815 ore
1432 3762 1573 3815 erat
1607 3742 2018 3838 Bongarstur.
2545 3749 2550 3752 ’

677 3844 876 3915 Deus
920 3843 1090 3938 Opt.
1143 3843 1341 3914 Max.
1389 3841 1570 3914 faxit
1606 3897 1627 3929 ‚
1681 3862 1749 3913 ut
1790 3842 1905 3913 sub
1938 3839 2244 3930 Vestris,
2292 3835 2645 3934 Amplissi-

581 3940 683 4017 mi
749 3941 965 4033 Viri,
1036 3939 1357 4037 auspiciis
1398 3994 1423 4033 ,
1489 3941 1565 4015 ἃ
1620 3940 1899 4038 publica
1976 3962 2117 4037 pax
2182 3959 2395 4039 atque
2462 3962 2648 4112 “az

754 4091 765 4098 -
2467 4060 2586 4137 qui
