2894 4823
484 774 494 784 ,
598 705 758 782 dam]
797 708 900 764 Ed.
925 706 1156 762 Bcchar.
1202 704 1271 761 ad
1301 703 1465 777 praed

572 246 722 318 900
867 224 958 296 A.
1072 222 1771 308 Gnonovtx
1885 217 2355 294 Νοτιῑ

579 399 726 474 Reg.
757 398 909 458 Coll.
940 401 1008 459 C.
1039 399 1105 458 C.
1134 397 1362 457 Thuan.
1382 393 1524 478 [Ald.
1564 396 1716 473 Junt.
1744 394 2015 470 Bongars.
2058 396 2433 455 Vincentius:
2475 397 2650 454 incre·

582 480 776 534 mentis
825 489 1051 535 ornatus.
1079 474 1255 533 Bodl.
1317 475 1631 531 ornamentis
1667 471 1959 552 formatus.
2020 471 2327 532 Gualterus
2356 472 2657 554 sapimiac

589 551 910 630 informatus
939 553 1280 610 incrementis.

671 629 817 689 Ibid.
854 630 950 688 Aa
975 627 1327 705 perdiscendos
1345 623 1577 718 siderum
1604 638 1774 686 motus
1798 669 1813 695 ,
1843 626 2197 702 originemque
2217 625 2471 719 mundi-s
2520 632 2663 690 ΒΜ-

582 783 636 864 s.
670 803 737 839 m.
769 785 1115 855 originemque
1145 799 1215 837 m.
1236 701 2120 857 speaangcaedg'pgffgtssgft}
2156 703 2228 838 Z
2256 704 2664 861 ggfimdmum

596 859 804 920 Minois
839 854 913 925 ὅ)
940 855 1185 933 Lycurgi
1215 859 1373 933 leges.
1960 931 1969 934 ι

669 933 815 991 Ibid.
856 933 1132 992 Summam
1137 931 1419 1011 scientiam
1449 929 1739 1011 consecutus
1769 928 1943 1008 erat.]
1984 930 2185 991 Idem:
2205 930 2664 1014 summamscien·

588 1014 786 1071 tiarum
815 1007 1106 1088 consecutus
1142 1006 1233 1085 est.
2045 1021 2052 1030 ’

662 1104 755 1179 xit.
796 1104 851 1159 4.
891 1105 946 1161 4.
986 1087 1192 1147 Cretam
1225 1082 1300 1157 ἐξ
1334 1081 1759 1160 Lacedaemona]
1800 1082 1994 1142 Idem:
2024 1102 2151 1143 cum
2178 1086 2362 1145 Periz.
2402 1085 2675 1146 Lacedae·

591 1183 837 1224 moniam.

603 1251 608 1252 ’
676 1255 868 1313 xx.‘4.
911 1255 962 1313 5.
1002 1238 1313 1317 Crotonem]
1359 1241 1519 1312 Avus
1561 1236 1634 1295 ad
1660 1236 1887 1295 Livium
1940 1237 2037 1295 lib.
2070 1256 2113 1297 1.
2149 1256 2272 1314 cap.
2307 1243 2362 1299 8.
2416 1241 2669 1300 malebat

607 1318 903 1393 Crotonem;
958 1316 1011 1375 δι
1054 1317 1246 1393 paullo
1286 1316 1411 1394 post
1458 1317 1508 1391 §-
1556 1329 1640 1386 ις.
1693 1313 1922 1371 Crotone.
1981 1313 2087 1373 Ed.
2134 1315 2304 1374 Paris.
2348 1317 2485 1375 Ald.
2517 1318 2669 1394 Junt.

604 1394 907 1465 Crotonem,
936 1395 1282 1470 eaedemque
1314 1411 1438 1451 cum
1472 1390 1781 1460 Mediceis,
1822 1391 2001 1450 Periz.
2033 1390 2124 1450 cd.
2155 1392 2305 1450 Flor.
2342 1391 2397 1450 ὅ(
2424 1395 2672 1452 Vincen-

604 1474 721 1542 tio,
763 1471 977 1530 Crotone
1010 1489 1117 1546 pro
1149 1471 1300 1544 vulg.
1339 1470 1603 1527 Crotonae.
1678 1467 2103 1527 Saresberienfis
2134 1489 2150 1527 :
2188 1469 2259 1526 ad
2287 1468 2672 1528 crotonicorum

606 1552 789 1608 urbem
831 1551 1099 1624 applicuit.
1148 1549 1242 1605 ubi
1262 1546 1676 1604 crotoniatarum
1707 1543 1965 1619 scripslss'e
2014 1544 2239 1604 videtur
2265 1545 2528 1605 eruditus
2555 1547 2669 1606 An-

606 1623 783 1685 tisteS.
860 1623 1029 1698 Apud
1061 1625 1387 1692 Gualterum
1417 1620 1683 1678 mendose
1710 1619 1922 1679 editum
1943 1665 1957 1689 ,
1995 1621 2269 1681 Ceuonam.

613 1697 636 1728 ²
683 1718 779 1761 xx.
824 1719 877 1772 4.
921 1707 975 1758 6.
1015 1699 1295 1766 Laudabat
1324 1697 1551 1772 quotidie
1576 1695 2107 1767 virtutem3&vitia
2135 1697 2668 1778 luxuriae‚casmque

607 1779 910 1836 civitatium
934 1793 994 1831 ea
1026 1770 1163 1849 peste
1188 1775 1511 1849 perditarum
1550 1773 1925 1850 enumerabat.]
1959 1774 2244 1844 Medicei,
2265 1790 2451 1849 quart.
2484 1779 2668 1851 quint.

607 1852 772 1912 Leid.
805 1849 969 1908 Bodl.
997 1850 1145 1908 Coll.
1173 1852 1241 1909 C.
1275 1851 1341 1909 C.
1360 1852 1541 1909 Periz.
1572 1851 1944 1908 Vincentius:
1979 1851 2245 1929 casumque
2271 1857 2382 1910 civ.
2412 1854 2508 1910 bac
2533 1849 2671 1928 peste

608 1929 949 2008 perditarum.
1003 1928 1133 1986 Hac
1162 1929 1335 1987 etiam
1375 1927 1512 1986 dant
1541 1927 1777 1986 Bcchar.
1816 1926 1888 1985 ed
1918 1928 2086 1986 Rom.
2121 1932 2269 1988 Ven.
2309 1930 2355 1987 F
2359 1930 2466 1989 lor.
2510 1929 2677 1988 Med.

609 2006 786 2069 Paris.
829 2004 960 2064 Ald.
990 2005 1144 2082 Junt.
1189 2003 1651 2076 Saresberienfis:
1688 2003 1966 2062 Laudabat
1992 2023 2115 2082 ergo
2136 2007 2389 2064 virtutem
2414 2007 2679 2080 quotidie,

618 2080 694 2157 δ’
720 2086 861 2141 vitia
889 2085 1132 2140 luxuriae
1177 2081 1468 2142 denudabat
1491 2126 1506 2152 ‚
1563 2077 1637 2152 ὅ)
1676 2079 1885 2158 casuum
1928 2084 2138 2139 urbium
2171 2082 2502 2157 perditarum
2526 2101 2687 2142 enun-

613 2165 781 2222 tiabat
806 2178 903 2219 cau
925 2178 1001 2218 as.
2031 2159 2045 2173 '

685 2254 774 2297 xx.
816 2255 871 2310 4.
891 2158 968 2309 s7.
1014 2234 1337 2311 Tantumque
1365 2231 1603 2311 studium
1642 2232 1713 2291 ad
1737 2231 2118 2310 frugalitatem
2167 2235 2534 2294 multitudinis
2566 2250 2683 2311 pre-

618 2319 835 2373 ·nocavit
861 2355 881 2384 ‚
917 2327 978 2371 ut
1020 2314 1219 2387 aliquos
1263 2331 1328 2369 ex
1368 2312 1451 2369 his
1491 2313 1782 2370 luxuriatos
1820 2309 2125 2369 incredibile
2173 2310 2506 2389 videretur]
2566 2313 2677 2373 Ed.

618 2390 798 2452 Rom.
828 2392 1119 2448 luxuriatos
1149 2392 1206 2446 in
1241 2392 1483 2464 optimam
1496 2387 1721 2468 frugem
1747 2385 2008 2465 conversos
2031 2390 2164 2446 incr.
2201 2387 2315 2447 vid.
2371 2389 2555 2449 Periz.
2582 2390 2678 2452 ed.

618 2468 857 2543 Bcchar.
892 2469 1040 2525 Ven.
1071 2466 1115 2523 F
1118 2466 1221 2523 lor.
1252 2465 1417 2524 Med.
1447 2465 1616 2524 Paris.
1657 2463 1787 2523 Ald.
1818 2465 1969 2541 Junt.
2028 2466 2144 2523 lux.
2192 2468 2251 2524 in
2292 2471 2539 2541 optimam
2552 2467 2685 2545 fru-

605 2560 745 2620 gem
770 2541 1031 2619 conversos
1142 2539 1236 2618 iffe
1279 2544 1411 2599 incr.
1452 2542 1566 2600 vid.
1639 2541 1822 2614 Magl.
1874 2552 2109 2615 tantoque
2126 2537 2313 2616 studio
2348 2544 2423 2600 ad
2440 2542 2688 2623 frugali-

620 2627 782 2678 tatem
817 2620 1013 2675 multitz
1071 2623 1207 2675 inem
1246 2622 1514 2676 revocavit
1540 2662 1557 2691 ,
1612 2629 1673 2675 ut
1706 2621 1913 2691 aliquos
1941 2636 2007 2675 ex
2049 2620 2121 2675 iis
2148 2621 2443 2677 luxuriatos
2468 2624 2527 2678 in
2556 2625 2685 2695 opti·

622 2704 762 2755 mam
795 2697 970 2767 ‘vitam
1029 2693 1294 2772 converfhs
1330 2692 1508 2774 fuzffe
1551 2695 1743 2753 incred.
1769 2695 1882 2753 vid.
1954 2695 2386 2755 saresberiensis
2420 2716 2435 2756 ε
2473 2709 2685 2757 tantum

624 2788 814 2848 quoque
834 2766 1015 2845 studii
1050 2771 1120 2828 ad
1146 2769 1530 2848 frugalitatem
1579 2771 1933 2829 multitudinis
1971 2775 2282 2845 provocabat
2316 2814 2335 2844 ‚
2392 2787 2454 2831 ut
2486 2777 2687 2848 aliquos

623 2856 692 2908 'ex
725 2849 805 2905 bis
839 2850 954 2905 lux.
995 2845 1096 2925 effe
1126 2850 1260 2906 incr.
1288 2846 1402 2906 vid.
1478 2849 1843 2906 Vincentius:
1882 2860 2121 2922 tantoque
2132 2844 2317 2923 studio
2356 2850 2430 2908 ad
2441 2849 2688 2927 frugali·

622 2934 783 2985 tatem
805 2921 1189 3003 perdiscendam
1217 2924 1604 2984 multitudinem
1623 2927 1951 2999 provocavit,
1993 2937 2055 2981 ut
2081 2927 2280 2999 aliquos
2306 2942 2377 2983 ex
2419 2930 2501 2984 eis
2534 2930 2690 2986 luxu·

624 3006 789 3061 ‘riatos
836 3000 942 3079 effe¹
966 3002 1100 3058 incr.
1145 3003 1258 3059 vid.
1302 3003 1640 3059 Gualterus:
1676 3014 1972 3075 tantumque
1998 2996 2239 3076 studium
2285 3001 2357 3059 ad
2385 3001 2690 3080 frugalita-

626 3092 733 3137 tem
765 3076 1145 3153 perdistendam
1175 3078 1507 3135 multitudini
1528 3092 1678 3153 prov.
1718 3092 1779 3137 ut
1806 3079 2005 3154 aliquos
2035 3095 2102 3136 ex
2145 3081 2223 3136 eis
2263 3080 2574 3139 luxurians
2597 3101 2688 3140 un·

624 3172 779 3230 quam
802 3152 977 3232 fuiffe
1006 3153 1201 3211 incred.
1240 3152 1355 3211 vid.

629 3248 643 3261 ·
706 3244 798 3289 xx.
841 3247 896 3301 4.
942 3235 995 3291 8.
1033 3228 1403 3287 Matronarum
1450 3244 1637 3305 quoque
1649 3228 1959 3366 ⁶separatam
1994 3232 2193 3291 avitis
2237 3231 2535 3291 doffiinam
2566 3278 2585 3302 ,
2624 3231 2690 3306 δ’

667 3325 907 3367 neronam
937 3326 967 3363 a
994 3307 1295 3378 parentibus
1312 3304 1621 3382 frequenter
1686 3313 1849 3366 abuit.
1925 3307 2158 3367 Docebat
2173 3307 2326 3384 ἂι]
2371 3312 2463 3368 lta
2494 3311 2687 3370 Saces·

665 3383 910 3444 estensis.
982 3381 1350 3440 Vincentius:
1394 3396 1553 3440 matr.
1597 3403 1785 3459 quoque
1811 3382 2191 3460 separatarum,
2231 3385 2411 3460 idque
2453 3388 2688 3462 vulgato

629 3461 878 3538 praefert
917 3458 1002 3518 Cl.
1040 3456 1413 3531 Heufingerus
1447 3459 1545 3517 lib.
1581 3474 1668 3519 11.
1722 3461 1960 3521 Emend.
2003 3479 2127 3536 cap.
2162 3476 2213 3533 5.
2255 3464 2358 3537 qui
2405 3465 2585 3522 etiam
2629 3466 2699 3523 le—

633 3538 880 3609 gendum
923 3538 1242 3607 conjecerat
1268 3533 1555 3611 separatim
1588 3579 1606 3610 ,
1648 3538 1941 3615 quomodo
1987 3537 2085 3595 scri
2130 3550 2244 3596 tum
2295 3540 2353 3596 in
2386 3540 2497 3599 sec.
2564 3542 2686 3599 Me

634 3614 820 3691 diceO.
854 3608 1188 3673 Gu‘alterus:
1227 3608 1512 3671 fidatronas
1536 3628 1575 3671 a
1603 3619 1742 3674 viris
1752 3615 2051 3694 separatas,
2179 3628 2367 3689 pueros
2389 3638 2425 3675 a
2457 3620 2687 3691 parenti·

630 3690 729 3744 bus
761 3686 1022 3746 derelinos
1041 3731 1055 3756 ,
1086 3687 1158 3746 ad,
1175 3688 1485 3763 pudicitiam
1515 3686 1674 3759 &ad
1709 3692 1877 3748 debita
1897 3688 2170 3768 societatis
2196 3690 2431 3769 obsequia
2446 3690 2554 3772 suo
2575 3690 2687 3769 stu·

632 3761 717 3817 dio
746 3763 993 3831 reduxi23
1033 3765 1342 3838 induxitque
1370 3778 1627 3835 matronas
1651 3810 1667 3833 ,
1705 3779 1765 3824 ut
1791 3780 2001 3824 auratas
2030 3766 2133 3825 ἃς.

706 3852 806 3921 ῃ.
847 3857 904 3911 4.
945 3855 999 3908 9.
1039 3839 1272 3897 Docebat
1309 3859 1445 3898 nunc
1475 3842 1602 3918 bas]
1645 3843 2008 3900 Vincentius:
2047 3843 2462 3902 docebat‘autem
2502 3864 2556 3902 η.
2596 3846 2647 3901 b.

661 3966 668 3975 .
704 3922 802 3973 xx.
845 3928 902 3985 4.
947 3931 1036 3973 10.
1071 3914 1458 3994 Frugalitatem
1501 3921 1730 3978 omnibus
1775 3921 2042 3995 ingerebat
2066 3916 2128 3996 ,]
2185 3919 2338 3980 Saxo
2382 3920 2479 3979 lib.
2509 3935 2677 3977 vnt.

2545 4009 2677 4067 pag.
