2894 4823
364 228 412 250 Q

686 309 1909 402 PRAEFATIO.

263 439 843 611 ippusvsslaffem
901 497 1589 587 Lacedemonicam
1647 442 2056 615 ειιυιίΙίἰεξἊγμνΓ
2081 507 2324 611 solus,

251 614 359 696 sed
399 641 597 723 quo.
657 617 758 698 Τό
798 633 1019 697 vacat
1066 613 1369 699 addidit
1413 615 1845 717 librarius,
1877 634 1968 698 ut
2007 617 2324 724 ostende.-

251 742 418 839 ret,
472 720 914 811 eudelass'em
960 724 1238 809 Laced.
1291 729 1591 810 auxiliis
1626 755 1681 837 y
1721 728 2170 830 abundare,
2214 730 2325 833 (35⁹

251 864 335 927 ne
346 837 854 949 firipturnm
882 841 1142 923 litura
1181 843 1655 949 inquinaret.
1679 840 2125 926 Induxernt
2164 867 2331 924 eum

249 954 323 1055 in
366 976 733 1035 errorem
790 953 1156 1060 repetitio
1224 954 1541 1059 nominis
1590 956 1956 1061 proprii,
2048 952 2333 1064 Gylip-

246 1088 384 1170 pus
410 1127 441 1168 ,
499 1061 711 1175 quod
742 1061 1004 1170 paullo
1049 1059 1211 1171 post
1224 1059 1593 1175 seqnitur
1621 1092 1650 1146 .·
1699 1062 2088 1175 Gylippus
2141 1069 2328 1152 clas-

248 1175 391 1256 sem
443 1171 1037 1258 Lacedaemone
1075 1200 1246 1256 curn
1287 1173 1451 1278 &a
2339 1218 2356 1221 ,

354 1315 431 1367 v.
457 1288 537 1370 6.
586 1293 662 1371 8.
717 1286 987 1371 Tanta
1022 1286 1257 1369 virtus
1301 1286 1732 1371 animorum
1760 1303 1964 1388 erat,
1993 1306 2077 1371 ut
2104 1316 2328 1393 ‚cum

248 1400 513 1506 paullo
571 1418 752 1480 ante
807 1399 1118 1481 salutem
1190 1397 1744 1503 desperaverint
1792 1461 1819 1498 ,
1896 1424 2104 1484 nunc
2159 1429 2330 1487 non

248 1508 654 1617 desperent
691 1510 1107 1593 victoriam.
1169 1508 1519 1594 Adhunc
1555 1513 1788 1596 locum
1803 1508 2092 1618 scribit
2113 1518 2327 1600 Box-

252 1621 574 1708 bornins
613 1652 643 1705 .·
687 1680 740 1723 ‚,
783 1625 965 1706 Non
1015 1639 1401 1721 tentarem
1464 1623 1660 1707 hunc
1717 1625 1998 1722 locum,
2044 1627 2185 1735 nffi
2247 1631 2331 1712 in

255 1793 315 1839 „
365 1740 704 1844 optimae
737 1751 966 1820 notae
1001 1735 1236 1819 codice
1262 1735 1610 1845 Leidenfi
1635 1737 1848 1848 longe
1881 1734 2126 1820 aliter
2144 1736 2329 1824 haec

258 1901 317 1949 ,‚
364 1865 732 1932 exarata
778 1852 1206 1932 invenirem
1227 1877 1253 1929 .·
1311 1865 1564 1956 nempe
1597 1845 1729 1932 hoc
1770 1845 1995 1932 modo,
2105 1850 2332 1934 Tan-

260 2017 319 2064 „
367 1980 447 2044 ta
506 1960 753 2042 virtus
802 1961 1232 2042 animorum
1299 1981 1511 2058 erat,
1573 1982 1654 2042 ut
1709 1959 1966 2069 paullo
2004 1980 2183 2044 ante
2228 1965 2334 2046 sa-

259 2129 315 2173 „
362 2075 652 2171 lutem,
710 2069 877 2173 post
926 2072 1381 2180 speraverint
1445 2072 1862 2157 victoriam.
2003 2073 2332 2180 Venusto

260 2240 320 2286 2,
369 2182 475 2286 ἑὸ)
525 2178 741 2270 resto
797 2186 1026 2294 lensia.
1167 2187 1432 2269 Primo
1487 2184 1577 2269 de
1608 2184 1920 2294 salute,
2008 2210 2202 2282 mox
2243 2186 2336 2271 de

264 2355 320 2398 ‚,
374 2295 718 2384 villaria
773 2314 1212 2381 certavere.
1265 2354 1322 2399 ‚,
1450 2298 1728 2401 Paullo
1767 2313 1954 2382 ante
2001 2295 2341 2389 dixerat

266 2407 585 2503 Iustinus
624 2440 653 2492 .-
750 2410 1034 2492 lterum
1092 2431 1347 2494 tamen
1395 2406 1785 2491 fortunam
1842 2406 2067 2491 maris
2110 2432 2347 2514 expe·

265 2517 601 2604 riendam
644 2519 1091 2607 decernunt.
1205 2526 1343 2607 Ex
1388 2517 1581 2627 hefte
1618 2521 1947 2605 omnibus
1965 2515 2219 2630 solem
2254 2523 2341 2605 in

264 2633 447 2716 MS.
501 2634 852 2744 legitur:
908 2638 1195 2722 lterum
1251 2636 1484 2744 paulo
1527 2653 1706 2718 ante
1750 2633 2108 2740 salutem,
2166 2631 2340 2743 post.

269 2744 722 2854 speraverint
770 2744 1197 2831 viftoriam.
1388 2819 1395 2826 ,
1929 2805 1935 2817 .
2303 2837 2308 2842 ,

369 2884 561 2942 xxx.
604 2885 677 2941 2.
738 2885 799 2943 1.
857 2861 1049 2945 Non
1097 2860 1376 2958 solem,
1428 2881 1593 2942 non
1633 2859 2042 2966 pulverem.
2155 2854 2335 2941 Pul·

268 2994 511 3052 verem
572 2997 867 3082 quoque
896 2971 1197 3082 servat
1261 2971 1449 3053 MS.
1506 2994 1652 3053 non
1706 2967 2084 3084 fulgurem
2124 3027 2154 3074 ,
2242 2984 2335 3055 ut

258 3081 529 3187 scribit
574 3086 663 3165 V
650 3088 738 3168 ir
777 3082 1266 3196 Clariffimus.
2308 3155 2314 3170 .

367 3222 629 3280 xxxvi
665 3223 689 3281 1
724 3221 785 3278 1.
835 3218 905 3300 5.
957 3224 1020 3281 1.
1078 3191 1480 3302 Rapienda
1531 3195 1995 3290 incrementa
2034 3192 2334 3282 virium.

280 3305 423 3390 Pro
459 3311 939 3392 incrementa
975 3313 1057 3393 in
1111 3309 1297 3392 MS.
1349 3308 1686 3393 marnica
1727 3309 1874 3418 legi
1917 3302 2337 3418 obfi’rvat:

286 3438 531 3502 verum
572 3425 657 3504 in
692 3418 944 3503 eodem
980 3420 1236 3528 exstat
1281 3422 1650 3504 marinca.

381 3533 603 3617 Hunc
640 3531 986 3618 Codicem
1018 3557 1308 3644 quoque
1350 3530 1668 3646 excufflt
1695 3530 1810 3616 CI.
1837 3528 2340 3616 Haverkanu

312 3648 405 3739 pus
439 3702 467 3744 ‚
510 3671 750 3757 quum
810 3643 1071 3753 Orosii
1126 3643 1516 3730 editionem
1583 3643 2021 3738 adornaret
2043 3698 2074 3743 ‚
2144 3655 2345 3727 eum-

318 3771 424 3850 que
454 3763 774 3844 tertium
819 3753 1198 3864 Lugduno
1218 3808 1244 3823 ·
1267 3760 1674 3843 Batavum
1726 3773 1828 3867 ap
1880 3754 2183 3841 ellavit.

412 3864 751 3955 Secundus
832 3864 1437 3954 membranaceus
1512 3884 1661 3977 per
1728 3894 1808 3953 co
1839 3890 2103 3952 amnas
2134 3863 2346 3976 siri·

277 3981 464 4089 ptus
509 3979 615 4087 est.
727 3978 1005 4068 Initio
1043 3974 1229 4063 libri
1250 4007 1291 4200 ξ
1308 4044 1366 4200 ,ἲ
1388 3979 1718 4098 additur
1754 3980 1932 4069 haec
1971 3976 2347 4173 rubrige:

1428 4118 1477 4203 3
2321 4136 2359 4191 τ
