2894 4823
569 251 668 331 98
1244 244 1955 336 varrnr

579 437 858 511 quoque
919 412 1144 511 ipsum
1211 412 1352 484 line
1411 414 1686 486 arbitris
1720 469 1740 503 ,
1820 412 1964 485 fine
2020 416 2343 487 convitio
2401 414 2645 490 fuerit.

576 523 627 557 ¹¹
663 513 903 586 Tanto
933 510 1359 585 moderatius
1394 532 1543 583 tum
1575 511 1822 583 fratres
1856 514 2042 592 inter
2064 514 2133 585 se
2167 535 2383 611 regna
2417 521 2641 588 maxi-

572 633 692 684 ma
721 610 1169 698 dividebant,
1220 634 1429 705 quam
1477 631 1663 681 nunc
1708 612 1965 706 exigua
2002 611 2430 704 patrimonia
2473 638 2643 708 par·
2711 618 2721 627 ’

577 711 867 782 tiuntur.
906 719 959 752 ¹²
1000 710 1222 803 Igitur
1251 710 1517 780 Xerxes
1551 708 1812 780 bellum
1846 731 1886 779 a
1915 728 2113 801 patre
2147 730 2480 805 coeptum
2514 713 2641 784 ad-

573 808 807 883 versus
837 807 1203 880 Graeciam
1229 829 1356 900 per
1372 805 1927 901 quinquennium
1965 804 2308 879 instruxit.
2338 818 2391 869 ¹³
2419 809 2644 909 Quod

573 907 695 979 ubi
732 908 1033 1001 primum
1066 904 1316 976 didicit
1356 907 1818 993 Demaratus,
1870 925 1995 975 rex
2035 905 2641 979 Lacedaemonio-

568 1027 770 1093 rum,
823 1005 943 1101 qui
988 1004 1174 1100 apud
1220 1003 1508 1076 Xerxen
1556 1000 1916 1075 exsulabat
1947 1056 1970 1091 ,
2023 1004 2316 1077 amicior
2359 1006 2642 1099 patriae

2472 1102 2644 1197 post

1620 1274 1840 1335 stratibus
1855 1293 1876 1324 .·
1925 1276 2211 1336 Bongarfius
2265 1275 2434 1327 maluit
2485 1280 2637 1339 magr·-

1618 1339 1805 1398 straeui.
1871 1340 1962 1387 Etsi
2018 1340 2151 1387 enim
2200 1352 2296 1388 nec
2339 1340 2460 1388 illud
2510 1354 2641 1399 pro-

1633 1404 1745 1450 bem
1760 1437 1776 1461 ‚
1795 1404 1929 1461 quod
1948 1403 2233 1450 Gronovius
2254 1406 2313 1452 ad
2334 1403 2635 1454 Liv.xxx1v.

1630 1465 1712 1512 61.
1769 1464 1820 1512 in
1868 1467 2112 1514 Addentlis
2148 1466 2348 1526 scribit,
2393 1467 2637 1527 ’κατεφω-

551 1273 674 1340 spem
709 1280 840 1324 vultu
860 1276 1034 1337 fimalet
1055 1311 1073 1337 ‚
1112 1288 1291 1338 premat
1319 1279 1411 1324 alto
1431 1276 1558 1324 corle

559 1344 783 1402 dolorem,
834 1342 879 1388 &
917 1341 1056 1389 malit
1080 1353 1368 1398 quacunque
1407 1341 1555 1388 ratio-

558 1418 624 1454 ne
672 1405 790 1452 licet
824 1403 985 1451 fronte
1021 1404 1261 1451 laetillima
1298 1405 1556 1451 molestum

558 1470 770 1517 rivalem
820 1481 1054 1516 amovere
1089 1502 1105 1526 ‚
1162 1481 1306 1526 quam
1362 1468 1554 1514 incerto

460 2753 463 2760 ·
528 2728 781 2777 Transaet.
838 2726 1090 2780 Boin-mus,

558 1532 923 1581 controverliae
954 1533 1091 1578 exitu
1126 1530 1407 1589 suspensum
1443 1542 1551 1577 cru-

557 1596 698 1644 ciari.
728 1596 926 1641 GuArzv.

634 1672 707 1706 ιι.
744 1661 883 1704 Tanto
931 1657 1195 1704 moderatim
1254 1668 1345 1703 tum
1369 1656 1551 1717 fratres

553 1722 731 1780 inter-fi
750 1722 946 1767 matrinia
975 1737 1111 1781 regna
1140 1720 1395 1766 dividebant
1422 1716 1539 1779 eto]

554 1785 682 1835 Usus
720 1783 787 1831 est
825 1784 1002 1830 eodem
1034 1784 1161 1840 quali
1196 1782 1546 1839 epiphonema-

549 1861 601 1899 te
621 1883 639 1909 ‚
668 1858 803 1895 certe
838 1846 979 1893 limili
1012 1846 1222 1892 formula
1258 1856 1505 1903 concepto
1526 1877 1544 1903 ‚

553 1926 640 1961 xv.
679 1924 725 1958 2.
759 1908 842 1956 ubi
879 1907 972 1955 ait=
1024 1912 1165 1957 Tanto
1191 1906 1402 1965 honestius
1437 1921 1544 1954 tunc

549 1977 663 2025 bella
704 1974 978 2035 gertbantur
997 2004 1013 2030 ‚
1061 1987 1193 2033 quam
1235 1988 1352 2019 nunc
1385 1973 1542 2018 amici-

550 2042 645 2088 tiae
679 2038 899 2084 coluntur.
941 2035 1080 2082 Mon.

616 2114 690 2148 12.
720 2100 1075 2161 Quinquenm‘mn
1102 2094 1374 2158 instruxit]
1418 2098 1539 2145 Vul-

546 2178 609 2225 go
631 2176 717 2226 per
732 2164 1073 2224 quinquennium
1087 2195 1103 2219 ‚
1117 2164 1161 2207 et
1182 2162 1375 2207 Orolius
1398 2172 1415 2206 ι
1430 2172 1470 2207 1.
1490 2172 1536 2218 9.

550 2228 637 2275 sed
677 2229 875 2283 antiqua
905 2224 1139 2282 scriptura
1174 2222 1307 2269 reeta
1329 2224 1431 2269 est:
1467 2223 1539 2269 in-

535 2291 614 2340 fra
634 2303 722 2339 xu-
762 2300 807 2345 3.
842 2300 882 2335 1.
923 2289 1134 2336 Triduum
1168 2289 1326 2333 lucium
1354 2287 1538 2334 indta-ie.

543 2357 650 2403 Lex
678 2367 748 2401 12.
789 2352 962 2399 Tabul.
1002 2352 1137 2410 Ufics,
1171 2350 1536 2411 azaeoritassun-

539 2421 625 2476 di,
662 2419 882 2465 biennium
917 2413 1015 2473 esto.
1079 2414 1406 2472 Quintilianus
1436 2415 1536 2459 Dc-

541 2486 687 2530 ciam.
712 2481 816 2537 196.
873 2480 948 2524 Ex
981 2481 1019 2522 le
1048 2494 1070 2524 e
1105 2481 1152 2523 in
1177 2477 1365 2522 exsilium
1402 2480 1533 2536 quin-

534 2548 771 2607 quennium
806 2539 946 2598 netffits
975 2495 1048 2597 clf.
1086 2539 1288 2585 Notavit
1315 2540 1416 2598 Jac.
1437 2541 1476 2583 C
1482 2553 1533 2585 u·

536 2606 693 2662 Jacius
713 2637 729 2661 ‚
766 2615 875 2649 cum
896 2602 1298 2659 interpretaretur
1318 2601 1530 2645 'situlum

537 2668 667 2714 Cod.
702 2667 764 2711 de
804 2663 1014 2719 Usucap.
1046 2676 1135 2719 pro
1159 2663 1314 2718 l-Zmpt.
1337 2665 1416 2707 vel
1439 2676 1530 2719 pro

1171 2727 1291 2770 'l'res
1348 2737 1531 2772 tantum

533 2804 689 2841 annos
719 2789 767 2836 in
797 2787 884 2834 isto
914 2798 1147 2844 apparatu
1177 2788 1387 2833 Xerxem
1411 2801 1531 2834 con-

534 2853 773 2911 summe,
810 2849 965 2907 inquit
1003 2850 1269 2898 Diodorus.
1310 2851 1530 2910 Julianus

533 2930 661 2966 vero
713 2912 734 2962 ὃ
791 2911 1060 2971 nunciam
1109 2913 1343 2960 Oratione
1375 2929 1407 2961 1.
1463 2917 1525 2961 de

531 2978 775 3031 Laudibus
801 2975 1106 3034 Constantii,
1143 2976 1299 3034 inquit
1319 3011 1335 3032 ‚
1364 2982 1395 3024 τ’
1423 2983 1527 3034 Ξέρ-

534 3047 614 3110 ξη
644 3043 802 3108 χςόνον
830 3040 1023 3110 'wei-rja
1050 3042 1091 3087 ὁ)
1105 3041 1269 3087 α’ωοναι
1296 3043 1401 3086 δ”κςι
1424 3059 1529 3096 πως

540 3110 576 3158 ⁶?
626 3120 828 3163 πολεμον
873 3102 1033 3149 'exustor
1080 3101 1527 3162 παρασκευίξεσθη.

530 3169 681 3231 Quod
720 3165 812 3213 ell‘e
847 3177 946 3211 non
986 3164 1142 3222 potest
1166 3199 1182 3221 ,
1227 3176 1339 3210 cum
1390 3165 1527 3211 sexto

530 3245 661 3282 anno
686 3264 702 3290 ‚
740 3240 805 3276 ex
839 3241 940 3286 quo
975 3240 1171 3286 regnum
1202 3228 1404 3283 adeptus
1428 3228 1528 3285 est,

1628 1540 1719 1574 tum
1754 1541 1837 1589 pro
1867 1533 2036 1589 collegio
2070 1532 2141 1576 vel
2171 1548 2346 1577 numero
2371 1532 2584 1576 bominum
2608 1564 2636 1587 ,

1625 1593 1839 1652 eonsilium
1865 1596 2090 1653 pubh‘cum
2106 1592 2449 1651 constituentium
2469 1628 2486 1653 ‚
2504 1596 2630 1641 dice-

1626 1671 1676 1701 re
1711 1654 1848 1713 nostri
1874 1656 2017 1714 ficrdi
2049 1654 2122 1714 effi:
2169 1656 2344 1715 (aliud
2375 1656 2502 1703 enim
2538 1660 2631 1707 vel
2652 1703 2669 1718 ,

1625 1730 1687 1764 ex
1737 1720 1948 1777 Nepotis
1991 1719 2236 1775 Lysandro
2283 1719 2484 1778 intelligi
2529 1733 2630 1778 po-

1624 1780 1750 1840 test,
1795 1781 1880 1828 ubi
1917 1781 2089 1839 ephori
2127 1796 2226 1830 non
2277 1783 2480 1841 finguli,
2534 1784 2628 1832 sed

1611 1844 1833 1897 ,univerfi
1884 1848 2099 1892 maximus
2134 1844 2418 1907 magistratus
2449 1847 2624 1894 dicun-

1620 1907 1736 1967 tur)
1787 1919 1948 1955 tamen
1999 1908 2112 1965 quia
2156 1908 2464 1966 antiquiores
2515 1910 2623 1956 edi-

1617 1968 1782 2017 tiones
1825 1970 2151 2032 magistrate'bns
2195 1985 2403 2019 numero
2438 1972 2619 2031 plurali

1617 2034 1829 2093 liabent,
1879 2035 2108 2091 idemque
2149 2035 2195 2081 &
2231 2034 2281 2081 iu
2317 2035 2448 2083 MSS.
2506 2037 2612 2093 qui-

1619 2096 1820 2143 busdam
1886 2112 1914 2145 a
1977 2097 2235 2154 Bongarfio
2297 2098 2611 2147 observatum

1615 2160 1747 2218 suit,
1796 2172 1857 2206 ac
1903 2172 2161 2219 praeterea
2206 2174 2234 2207 a
2279 2161 2403 2217 stylo
2423 2162 2608 2271 txJustini

1617 2223 1665 2269 id
1695 2223 1907 2270 alienum
1941 2236 2040 2270 nou
2071 2224 2137 2270 cst
2157 2256 2174 2281 ‚
2203 2224 2404 2271 mutatio
2443 2226 2607 2273 acien-

1615 2286 1676 2333 dn
1712 2286 1847 2332 fuiffe
1879 2299 1978 2333 non
2016 2286 2226 2334 videtur.
2273 2287 2402 2333 Vide
2440 2289 2495 2337 lis
2532 2288 2607 2336 su·

1617 2362 1702 2407 pra
1726 2362 1778 2396 ιι.
1818 2361 1862 2404 7.
1894 2362 1938 2395 2.
1979 2350 2024 2395 &
2061 2349 2183 2396 infra
2203 2362 2278 2397 111.
2314 2360 2357 2403 3.
2401 2363 2448 2397 2.
2493 2352 2607 2413 Quo

1611 2411 1780 2460 itidem
1829 2411 2101 2470 posteriore
2148 2416 2264 2460 loco
2304 2414 2508 2463 Medius
2542 2429 2603 2463 ex

1610 2489 1709 2522 uno
1749 2477 1874 2522 Cod.
1909 2476 2124 2523 Fuldcnli
2160 2476 2253 2534 legi
2283 2481 2467 2525 mavult
2492 2482 2602 2526 Ma·

1602 2538 1821 2599 gistratui
1836 2572 1852 2596 ‚
1900 2551 2045 2596 quam
2098 2539 2471 2600 Illagsstratibus:
2516 2556 2600 2588 vc·

1609 2613 1717 2647 rum
1753 2601 1919 2647 itidem
1948 2603 2044 2648 line
2074 2602 2234 2648 causa.
2270 2604 2456 2651 Vortsr.
2483 2606 2600 2666 Jun-

1609 2675 1722 2722 tae,
1762 2664 1987 2722 aliaeque
2029 2664 2292 2711 editiones:
2331 2667 2603 2729 magistrati·

1606 2729 1684 2774 bus
1704 2759 1721 2784 ,
1753 2726 1823 2774 uti
1863 2728 1908 2774 δε
1953 2730 2102 2786 paulo
2141 2728 2247 2785 post
2276 2762 2293 2787 ‚
2331 2731 2607 2791 magistrati-

1604 2792 1684 2836 bus
1719 2792 2037 2850 Spartanorum
2074 2791 2286 2848 eradere,
2324 2796 2604 2852 approban-

1606 2864 1655 2900 te
1696 2854 1971 2900 Gronovio.
2031 2853 2337 2911 Magistratus
2381 2858 2511 2904 euim
2551 2862 2609 2906 ln

1603 2927 1812 2962 numero
1843 2916 2033 2963 unitatis
2067 2930 2314 2973 nunquam
2345 2921 2598 2968 confilium

1603 2979 1856 3036 publicum
1877 3013 1892 3036 ‚
1924 2979 2006 3025 seu
2035 2981 2294 3037 collegium
2312 3013 2329 3037 ‚
2357 2981 2439 3027 sed
2470 2984 2597 3030 sem-

1605 3055 1694 3098 per
1715 3054 1866 3089 unum
1885 3041 2130 3089 hominem
2146 3077 2163 3102 ‚
2177 3042 2494 3101 magistratum
2510 3060 2594 3105 ge·

1603 3117 1832 3163 rentem,
1863 3116 1944 3151 aut
1975 3104 2188 3152 officium
2208 3118 2359 3153 notat.
2374 3107 2463 3154 Sic.
2483 3122 2591 3168 cap.

1609 3180 1683 3219 15.
1713 3167 1853 3218 liuius
1884 3168 2026 3216 libri:
2071 3169 2410 3231 Blagtssratibm
2433 3172 2596 3230 firihie

1603 3231 1944 3281 Athenicnffnm.
1990 3232 2036 3278 &
2064 3244 2136 3278 ιιι.
2167 3244 2211 3286 3.
2255 3236 2443 3293 Regibus
2469 3249 2593 3295 pote·

532 3299 719 3347 bellum
770 3292 821 3339 in
872 3293 1092 3339 Graecos
1144 3290 1355 3337 moverit
1406 3291 1526 3336 Xer·
1594 3292 1754 3351 statem
1782 3284 1988 3341 bellorum
2007 3328 2022 3350 ,
2056 3295 2381 3356 magistratibus
2404 3301 2594 3355 judicia.

535 3374 643 3411 xes.
681 3359 822 3402 Voss,

606 3433 678 3477 13.
712 3413 1017 3475 Demaratus]
1052 3415 1447 3462 llcrodotuslinc
1473 3417 1528 3462 li·

532 3488 608 3536 bri
631 3497 718 3531 vn.
756 3483 931 3539 Fugam
954 3477 1058 3526 eius
1085 3480 1142 3524 ad
1176 3479 1337 3524 Persas
1368 3480 1526 3535 expli-

534 3564 615 3597 cat
646 3548 729 3595 lib.
748 3558 816 3591 vt.
857 3553 1059 3598 cap.70.
1102 3542 1350 3587 Honorius.
1387 3543 1525 3589 Adde

530 3616 767 3659 Senecam
801 3607 864 3653 de
895 3601 1158 3653 Beneficiis
1194 3617 1261 3650 vi.
1284 3616 1360 3659 31.
1396 3605 1526 3651 Ben-

528 3687 652 3780 m‘iiae
685 3735 857 3780 tabellis
885 3726 1074 3793 Is‘gneis]
1123 3728 1204 3776 Sic
1244 3729 1367 3778 infra
1406 3744 1497 3779 xxi
1511 3767 1522 3780 .

522 3796 941 3916 &inrigat-:esbus
964 3854 1233 3916 persii-ibit]
1298 3857 1407 3904 Nec
1464 3857 1519 3905 il·

1602 3357 1716 3402 Non
1755 3357 1896 3404 aliter
1927 3370 2122 3405 veteres
2161 3361 2204 3406 ἃ
2250 3360 2420 3407 idonci
2472 3363 2602 3411 Lati·

1600 3431 1693 3465 nae
1725 3419 1917 3477 linguae
1954 3423 2198 3470 auctores.
2253 3424 2365 3470 Nec
2404 3425 2508 3484 est,
2544 3440 2598 3474 ut

1601 3494 1693 3528 nos
1739 3494 1938 3530 moveat
1982 3487 2303 3543 exemplum,
2355 3491 2487 3545 quod
2532 3503 2599 3538 ex

1600 3545 1658 3590 C.
1681 3546 1878 3601 Nepote
1915 3546 1974 3593 ad
2024 3549 2149 3594 hanc
2196 3548 2599 3602 observationem

1600 3609 1977 3656 convellendam
2051 3609 2193 3657 affert
2260 3614 2602 3665 cruditillimus

1599 3670 1835 3719 vorstius.
1901 3672 1954 3718 Id
1999 3672 2130 3718 enim
2169 3685 2403 3732 repugnat
2437 3680 2482 3725 δι
2521 3679 2600 3737 ip-

1596 3732 1688 3779 lius
1719 3735 1927 3792 Nepotis
1962 3735 2010 3780 &
2044 3745 2322 3783 ceterorum
2370 3742 2593 3789 omnium

1595 3795 1887 3844 idoneorum
1935 3796 2222 3855 scriptorum
2263 3801 2480 3849 melioris
2520 3804 2592 3851 se·

1596 3858 1693 3905 culi
1729 3859 2105 3919 consuetudini,
2141 3861 2315 3917 quibus
2351 3865 2585 3926 magestra-

496 3921 612 3969 -lud
646 3921 855 3975 probare
892 3919 1109 3974 pollion,
1137 3920 1268 3975 quod
1303 3933 1411 3966 cum
1434 3935 1517 3966 an·
1591 3935 1661 3967 eus
1700 3920 1750 3969 iu
1782 3922 1981 3970 unitatis
2013 3935 2218 3971 nurnero
2250 3938 2352 3972 non
2401 3929 2478 3974 nili
2529 3942 2582 3973 u-

521 3984 762 4045 tiquiores
818 3979 1054 4028 editiones
1098 3984 1333 4030 haberent
1375 3987 1519 4046 magi·
1589 3996 1708 4032 num
1762 3986 2015 4034 hominem
2061 3985 2336 4048 (immicum
2385 3991 2580 4048 quando

2459 4064 2585 4098 vem
