2894 4823
703 251 959 321 Lrn.

1059 244 1391 319 XVIII.

1521 245 1775 318 Car.
1879 248 2118 318 V1.·

2251 268 2390 341 443

333 428 508 503 bello
563 424 754 499 clara
786 420 967 510 fuit,
1020 422 1120 494 ita
1170 420 1365 494 domi
1412 417 1620 493 status
1654 419 1867 491 variis
1898 416 2390 494 discordiarum

333 526 592 599 casibus
633 523 937 620 agitatus
973 519 1096 594 est.
1153 530 1203 563 ¹¹
1256 523 1433 592 Cum
1470 519 1655 590 inter
1686 537 1920 591 cetera
1948 519 2129 590 mala
2175 522 2387 592 etiam

332 622 520 722 peste
574 623 974 696 laborarent
1012 672 1032 707 ,
1097 638 1378 690 cruenta
1430 617 1778 689 sacrorum
1833 615 2181 712 religione
2223 671 2244 702 ,
2311 615 2387 690 δι

334 722 588 797 scelere
635 741 766 813 pro
810 714 1125 788 remedio
1171 715 1266 788 usi
1301 717 1495 798 sunt:
1551 725 1606 758 ⁸²
1652 714 1914 808 quippe
1956 714 2280 786 homines
2313 733 2388 786 ut

332 818 657 893 viffimas
705 815 1202 900 immolabant3
1269 810 1343 885 &
1423 814 1881 906 impuberes,
1946 836 2122 908 quae
2195 833 2384 885 aetas

334 921 542 991 etiam
606 908 910 986 hostium
953 912 1495 984 misericordiam
1527 929 1908 1003 provocat,
1961 914 2094 982 aris
2145 910 2384 982 admo-

329 1016 640 1099 vebant3
710 1034 958 1105 pacem
1000 1009 1290 1082 deorum
1337 1009 1668 1105 sanguine
1715 1031 1966 1079 eorum
2009 1007 2385 1101 exposcen-

334 1131 433 1186 tes
459 1166 487 1204 ,
538 1133 674 1207 pro
715 1130 1009 1204 quorum
1046 1109 1194 1183 vita
1220 1106 1320 1179 dii
1355 1107 1590 1202 rogari
1617 1106 1920 1178 maxime
1951 1107 2200 1180 solent.

330 1431 447 1468 ante
485 1415 697 1473 Troiam
729 1427 920 1476 captam
948 1416 1195 1465 conditam
1233 1431 1324 1465 vo-

326 1485 439 1533 'iunt
458 1516 476 1540 ,
502 1480 638 1529 inter
675 1493 801 1538 quos
833 1481 1046 1528 Philistus
1084 1482 1211 1538 apud
1230 1482 1323 1527 Eu·

337 1544 520 1593 sebium
541 1578 560 1603 ‚
589 1545 637 1590 &
674 1542 955 1601 Appianas:
986 1543 1178 1600 quidam
1216 1542 1324 1601 post

340 1619 527 1667 captam
568 1605 770 1661 Troiam
803 1640 821 1665 ,
853 1618 1112 1664 antequam
1164 1607 1325 1653 Roma

341 1671 646 1718 conderetur
680 1684 692 1714 ε
730 1681 891 1726 neque
945 1667 991 1714 hi
1040 1667 1091 1715 in
1119 1681 1324 1719 numero

340 1745 580 1779 annorum
620 1731 943 1779 consentiunt.
973 1732 1251 1780 paterculus
1288 1745 1324 1778 r.

336 1797 389 1849 16.
406 1809 455 1854 4.
476 1808 634 1843 annos
654 1793 870 1852 quinque
893 1795 936 1841 δι
957 1793 1198 1852 sexaginta
1215 1806 1327 1842 ante

328 1857 587 1904 'Romamz
622 1855 751 1902 Livii
788 1857 1016 1916 Epitoma
1039 1856 1122 1904 lib.
1140 1872 1206 1906 m.
1245 1871 1327 1913 an-

338 1932 434 1968 nos
452 1932 567 1968 nce.
600 1920 769 1967 stetisse
787 1920 1119 1978 Carthaginem
1147 1921 1326 1967 refert:

345 1983 524 2029 eversa
558 1994 716 2029 autem
754 1982 822 2029 est
856 1996 983 2030 anno
1017 1982 1160 2031 Urbis
1176 1995 1330 2029 nevu.

336 2046 526 2094 ‘Fuerat
543 2056 658 2102 ergo
679 2057 786 2092 ante
808 2048 978 2093 urbem
990 2045 1234 2093 conditam
1247 2058 1331 2091 an-

344 2117 441 2157 nos
459 2119 600 2155 xctu.
633 2108 821 2156 Solinus
842 2120 916 2163 30.
940 2120 1095 2155 annos
1115 2119 1228 2164 737.
1245 2110 1337 2154 vel*

341 2183 396 2219 ut
448 2170 502 2217 in
538 2171 696 2217 veteri
744 2172 915 2218 codice
956 2171 1122 2224 vineti
1156 2174 1333 2228 legitur

337 2245 592 2282 octxxvrt
618 2233 851 2282 Eusebius
865 2233 1041 2281 venisse
1057 2234 1106 2281 in
1122 2233 1332 2293 potesta-

348 2308 451 2343 tem
467 2297 803 2344 Romanorum
826 2310 954 2345 anno
986 2310 1013 2343 a
1048 2296 1332 2344 conditione

342 2358 416 2407 sui
435 2370 689 2418 mxxiii,
708 2358 815 2420 (ita
846 2358 981 2406 estin
1002 2358 1145 2420 MS.)
1173 2361 1256 2405 vel
1278 2370 1333 2405 ut

348 2422 435 2470 alii
493 2422 728 2470 affirmant
766 2435 1035 2472 ncchvm.
1071 2424 1208 2481 prior
1243 2435 1331 2469 nu·

347 2498 514 2533 merus
550 2497 649 2533 uno
684 2498 818 2533 anno
850 2488 958 2543 plus
988 2487 1131 2533 habet
1150 2519 1166 2544 ,
1186 2496 1331 2544 quam

344 2548 590 2595 Paterculi
638 2548 784 2595 ratio.
847 2549 920 2594 M.
978 2549 1156 2595 Cicero
1185 2561 1219 2594 1.
1268 2548 1331 2594 de

343 2610 642 2668 Republica.
690 2611 787 2656 Nec
804 2621 977 2657 tantun
1005 2613 1225 2673 Carthago
1254 2612 1335 2657 ba·

345 2673 497 2732 Im'ffie
532 2685 656 2733 epum
687 2673 907 2729 fixe-enus
923 2676 1026 2735 fere
1055 2687 1190 2720 aanor
1209 2707 1226 2732 ,
1243 2674 1335 2734 fine

344 2737 528 2797 cmssliis
555 2737 608 2783 ὁ*
635 2735 879 2795 Ιϋέἰρίίηα.
938 2738 1029 2783 Sed
1050 2739 1170 2783 haec
1190 2748 1336 2783 accu-

334 2800 509 2847 'ratius
542 2798 861 2855 explicabunt
876 2798 1100 2846 Bochelii
1140 2798 1240 2845 mei
1274 2797 1333 2844 ad

345 2861 618 2909 Eusebium
643 2859 1015 2909 Observationes
1044 2862 1333 2908 chronicae.

344 2924 608 2972 Bouoaus.
627 2923 963 2973 Consulendus
984 2925 1030 2972 δι
1048 2925 1258 2983 Scaliger
1268 2926 1336 2970 A·

348 2985 648 3036 nimaduers.
660 2985 833 3034 Euseb.
846 2988 904 3033 ad
917 3000 1093 3035 annum
1105 2997 1340 3048 mccxvrr.

352 3051 398 3096 δι
431 3061 747 3098 mmccccxxx.
791 3050 1001 3098 maxime
1030 3063 1152 3097 vero
1190 3062 1337 3096 cano-

346 3112 495 3160 nibus
511 3111 778 3170 Isagogicis.
807 3113 931 3159 Cum
950 3112 1150 3161 austere
1168 3112 1333 3159 nostro

351 3174 576 3234 congruit
613 3175 808 3221 traditio
840 3176 1044 3224 Catonis
1081 3176 1210 3234 apud
1228 3177 1334 3221 Ser-

353 3236 492 3284 vium
519 3238 580 3284 ad
614 3238 800 3295 Virgilii
837 3239 1047 3286 Aeneid.
1081 3251 1117 3285 1.
1144 3251 1191 3285 v.
1224 3249 1331 3292 271.

357 3300 403 3347 ὰ
435 3312 503 3347 xv.
553 3314 605 3347 v.
636 3312 746 3359 4⁵9·
811 3300 936 3348 Vide
973 3302 1174 3349 Cluver.
1207 3300 1334 3347 sicil.

352 3373 407 3421 p.
444 3373 524 3423 43.
541 3361 577 3409 f.
614 3362 659 3409 δι
689 3364 768 3422 46.
788 3363 823 3410 f.
860 3365 906 3410 δι
937 3367 1049 3420 485.
1078 3365 1301 3410 Brumae.

352 3449 357 3454 -
420 3436 495 3472 11.
519 3426 750 3484 Eefielm
767 3438 856 3486 pro
884 3425 1101 3489 remise]
1132 3426 1186 3473 In
1203 3426 1335 3472 MSS.

359 3487 591 3542 plusculis
627 3489 798 3547 legitur
829 3488 1055 3547 fictarum.
1122 3489 1214 3536 Sed
1267 3504 1336 3535 re-

366 3549 469 3608 ligio
506 3551 713 3607 spelm
758 3552 1020 3599 commode
1060 3564 1160 3598 non
1198 3551 1338 3598 vide·

372 3619 447 3655 tm·
477 3613 584 3660 dici.
640 3617 717 3660 An
739 3613 921 3672 scripfit
940 3649 957 3675 ,
985 3615 1035 3664 ἃ
1053 3614 1216 3675 stelen
1248 3626 1341 3668 tna

362 3681 447 3732 pro
481 3676 693 3724 remedio?
720 3679 921 3724 Senam.

396 3794 408 3806 ι
442 3747 509 3783 12.
531 3740 729 3786 Homines
744 3749 796 3787 ne
812 3737 1050 3800 vtes-sas]
1079 3738 1207 3787 Vide
1220 3738 1340 3784 Cur-

376 3806 491 3844 tium
522 3800 633 3849 Rus.
661 3814 730 3848 xv.
764 3813 809 3858 3.
847 3804 924 3856 38·
982 3802 1236 3850 BoquRs.
1282 3799 1342 3846 Et

370 3859 532 3909 Silium
565 3863 778 3911 italicum
812 3864 896 3913 lib.
930 3877 1001 3912 tv.
1034 3865 1144 3920 767.
1180 3865 1343 3925 Quan-

374 3932 515 3994 fnmn
546 3938 739 3983 praeter
767 3926 1180 3984 Carthaginienses
1198 3961 1214 3984 ‚
1248 3928 1344 3972 hoc

362 3986 669 4048 summitatis
720 3988 855 4039 dirae
903 3987 1193 4041 sacrificium
1224 3987 1344 4038 Dio-

2027 1207 2192 1275 CAP.
2217 1204 2384 1277 VII.

1398 1415 1563 1474 nyfius
1591 1414 1840 1463 Halicarn.
1861 1429 1895 1463 1.
1925 1420 2000 1471 38.
2048 1419 2218 1465 Gallos
2237 1416 2384 1466 etiam

1400 1481 1622 1541 aliasque
1675 1493 1845 1537 gentes
1900 1482 2232 1528 occidentales
2305 1481 2385 1530 sua

1399 1542 1663 1591 etiamdum
1701 1554 1858 1589 aetate
1876 1574 1893 1597 ‚
1921 1542 2008 1589 sub
2026 1543 2222 1602 Augusti
2253 1543 2386 1602 prin-

1401 1606 1562 1665 cipatu
1601 1605 1801 1652 tenuisse
1855 1606 2050 1663 scribit,
2079 1608 2385 1655 consentien-

1401 1682 1449 1717 te
1489 1666 1699 1715 Caesare
1720 1669 1843 1714 Bell.
1871 1669 1991 1716 Gall.
2020 1684 2087 1716 vr.
2107 1671 2180 1717 16.
2217 1671 2261 1717 δι
2291 1670 2386 1717 Pli-

1400 1732 1486 1779 nio
1520 1742 1639 1778 xxx.
1686 1743 1726 1777 1.
1771 1730 1854 1778 fin.
1883 1734 1975 1780 Sed
2010 1736 2055 1779 δι
2091 1733 2153 1779 de
2188 1733 2382 1788 majori-

1401 1796 1492 1843 bus
1537 1792 1710 1841 nostris
1749 1794 1942 1844 Tacitus
1989 1797 2155 1844 Germ.
2192 1808 2297 1855 cap.
2334 1807 2382 1855 9,

1399 1858 1511 1919 Quo
1550 1868 1673 1902 vero
1707 1855 1796 1903 ritu
1817 1858 1965 1904 Poeni
1991 1858 2170 1907 liberos
2211 1860 2387 1905 immo·

1402 1920 1579 1977 iai-int,
1607 1919 1757 1965 refert
1793 1921 2066 1969 Plutarchus
2098 1923 2146 1968 in
2179 1922 2304 1969 libro
2322 1922 2385 1968 de

1403 1980 1752 2042 superstitione
1770 1994 1876 2039 cap.
1893 1996 1967 2031 αι.
1981 1987 2027 2031 δι
2039 1985 2280 2032 Diodorus
2301 1997 2384 2031 xx.

1412 2058 1486 2103 14.
1517 2045 1777 2091 Rationem
1812 2046 1952 2092 habet
1985 2049 2139 2093 Varro
2168 2047 2253 2094 lib.
2284 2060 2387 2094 xvi.

1404 2106 1627 2154 Divinar.
1647 2108 1764 2153 Rer.
1793 2107 1971 2155 citante
1992 2110 2184 2167 August.
2203 2122 2292 2158 vn.
2313 2122 2387 2167 19.

1410 2171 1471 2217 de
1501 2169 1608 2217 Civ.
1637 2169 1726 2214 Dei
1755 2182 1767 2214 ε
1810 2170 1905 2215 Ideo
1938 2186 1969 2216 α
1998 2173 2250 2231 quibusdan·
2282 2183 2389 2231 pue-

1408 2235 1455 2280 rr‘
1490 2234 1679 2278 Saturno
1714 2230 1839 2287 firlt'n'
1854 2232 1963 2289 fient
1995 2236 2245 2291 immolari,
2278 2235 2391 2293 ficut

1405 2312 1438 2343 a
1476 2296 1629 2342 Poenis
1659 2326 1674 2351 ,
1704 2294 1754 2340 ἐξ
1783 2311 1814 2342 a
1848 2298 2098 2356 quibusdam
2132 2300 2266 2344 πίσω
2295 2313 2388 2343 ma-

1398 2364 1519 2421 J‘orcs
1535 2390 1552 2417 ‚
1569 2357 1681 2419 ficut
1716 2373 1744 2402 a
1783 2361 1923 2404 Gth'r
1941 2376 1958 2405 .·
1983 2363 2091 2421 quia
2110 2364 2294 2407 emnium
2318 2360 2389 2419 [ὶ-

1406 2425 1570 2472 minum
1614 2422 1816 2480 opn'mmn
1862 2421 1923 2481 est
1961 2441 2097 2485 genus
2141 2425 2391 2471 humanm.

1392 2487 1640 2533 -Cetetum
1675 2485 1882 2532 humana
1916 2487 2155 2535 sacrificia
2187 2487 2394 2535 facunde

1408 2548 1689 2596 exsecratur
1737 2547 2013 2596 Lactantius
2048 2564 2080 2598 ι.
2122 2562 2199 2597 21.
2255 2549 2391 2596 Adde

1405 2613 1546 2674 Joan.
1564 2609 1784 2657 Wierum
1796 2611 1857 2657 de
1871 2613 2088 2674 Praessig.
2101 2615 2275 2661 Daem.
2294 2624 2391 2668 1.7.

1412 2678 1458 2721 δι
1489 2672 1803 2721 Freinshemii
1838 2675 2033 2724 Florum
2061 2690 2136 2727 ιιι.
2165 2689 2216 2736 4.
2253 2688 2299 2723 2.
2341 2677 2392 2723 d.

1409 2737 1630 2783 Brumae.

1475 2799 1713 2859 Impuberes
1728 2801 1824 2845 aris
1842 2800 2163 2863 admovebant]
2192 2803 2392 2852 Morem

1408 2864 1538 2911 bunc
1567 2860 1715 2906 Poeni
1748 2862 1844 2906 fine
1883 2864 2031 2910 dubio
2066 2866 2201 2920 'syro
2236 2867 2283 2912 δι
2326 2878 2390 2914 ex

1411 2922 1669 2970 Phoenicia
1700 2921 1865 2968 secum
1911 2929 2188 2974 attulerunt.
2245 2928 2396 2975 Certe

1410 2984 1680 3033 Phoenices
1715 2984 1929 3041 aliasque
1973 2987 2196 3034 finitimas
2228 3002 2397 3046 gentes

1414 3062 1475 3096 ea
1511 3047 1560 3094 in
1597 3059 1650 3093 re
1687 3044 1768 3104 ipfl
1803 3059 2001 3107 quoque
2029 3050 2276 3098 Israelitae
2314 3064 2396 3098 ac-

1413 3109 1582 3160 mulati
1615 3109 1826 3156 fuerunt.
1860 3111 2043 3160 Vousr.

1475 3176 1631 3223 Etiam
1644 3171 1865 3235 hostium]
1891 3175 1962 3222 Ita
1988 3175 2094 3222 fere
2113 3172 2236 3222 infra
2256 3188 2396 3227 xxvr.

1411 3253 1454 3287 2.
1493 3250 1537 3291 5-
1565 3238 1787 3284 Bnnwzc.

1469 3302 1626 3349 Pacem
1679 3293 1891 3356 demens]
1931 3297 2136 3352 Proprie
2186 3302 2394 3348 verbum

1413 3364 1482 3416 est
1511 3360 1830 3410 Pontificale:
1868 3359 2058 3406 Nouius
2090 3362 2396 3419 propitiatio·

1412 3439 1528 3474 nem
1579 3424 1939 3481 interpretatur.
2010 3421 2081 3467 Ita
2113 3424 2397 3478 Liviusvrr.

1415 3503 1464 3537 2.
1500 3501 1541 3535 ι.
1591 3490 1724 3535 Pacis
1751 3488 1876 3533 deum
1911 3485 2193 3544 expofiendu
2229 3488 2360 3548 caresta
2380 3523 2399 3549 ‚

1412 3549 1721 3609 lanista-nm-
1747 3550 1861 3612 fur'e.
1931 3549 2123 3596 Plautus
2162 3552 2398 3611 Amphitr.

1415 3627 1468 3663 v.
1503 3624 1544 3661 ι.
1580 3622 1659 3669 75.

1484 3736 1544 3786 Ue
1584 3737 1713 3799 Jovts
1757 3734 1954 3794 fiepml
1979 3768 1996 3795 ,
2045 3739 2194 3787 unless
2221 3737 2363 3799 hostiis
2379 3771 2399 3799 ,

1531 3810 1683 3860 pacem
1715 3809 1929 3857 tapeta..
2015 3817 2024 3826 f

1419 3923 1563 3976 Silius
1599 3923 1705 3976 Ital.
1738 3921 1824 3971 lib.
1863 3934 1948 3973 xv.
1990 3936 2040 3974 v.
2073 3936 2187 3987 439.

2296 4033 2417 4096 cni-
