2894 4823
560 304 625 376 L
669 321 814 379 ιιι.
906 279 1299 376 lXXXIX.
1435 296 1500 377 C‘
1537 320 1590 378 A·
1629 320 1693 375 r.
1751 243 1947 379 Ἰν.
2143 299 2290 392 673

244 474 664 552 matrimonio
715 473 943 566 fecit3
1028 476 1105 552 ἃ
1163 475 1310 552 filio
1377 471 1578 551 alteri
1623 477 1697 552 in
1742 475 2054 551 exsilium
2116 472 2278 550 36ὶο

245 571 478 647 bellum
526 577 763 652 intulit
789 632 812 665 ‚
882 578 1090 651 alteri
1136 594 1387 675 erepto·
1428 599 1653 676 regno
1683 576 1979 651 exitium
2010 597 2140 673 per
2169 573 2277 648 in·

246 665 425 745 fidias
456 675 859 749 machinata
896 674 1018 749 est.
2045 678 2049 682 ’

326 772 480 844 Car.
529 773 632 849 V.
686 783 709 818 ¹
739 773 879 847 Sed
927 797 1062 847 nec
1103 773 1505 848 Alexandro
1548 775 1800 850 caedes
1841 794 1988 848 tam
2025 770 2273 846 nefan-

249 862 323 938 da
366 870 586 943 inulta
634 868 792 943 fuit.
892 871 1088 945 Nam
1132 873 1254 945 ubi
1292 873 1596 966 primum
1626 883 2075 968 compertum
2124 869 2298 958 e‘st‚'

246 964 480 1043 scelere
515 968 644 1041 filii
675 984 975 1042 matrem
1009 969 1456 1043 interfectam
1481 1026 1503 1059 ‚
1529 972 1887 1050 ,concursu
1932 970 2174 1066 populi
2197 968 2266 1042 in

244 1063 536 1139 exsilium
598 1067 830 1164 agitur
867 1122 889 1156 ‚
964 1089 1442 1165 revocatoque
1519 1071 1920 1144 Ptolemaeo
1977 1085 2277 1164 regnum

244 1162 572 1240 redditur:
651 1165 771 1263 qui
816 1188 1045 1263 neque
1106 1190 1270 1240 cum
1324 1183 1547 1244 matre
1576 1168 1830 1242 bellum
1873 1188 2121 1265 gerere
2148 1188 2283 1240 vo-

241 1258 493 1353 luiffet,
543 1284 679 1336 nec
719 1287 760 1335 a
788 1261 1001 1339 fratre
1029 1261 1238 1338 armis
1264 1282 1634 1361 repetere,
1681 1264 1867 1361 quod
1903 1266 2088 1359 prior
2121 1263 2279 1360 pos-

244 1356 528 1434 sediss'et.
630 1370 658 1404 ²
704 1362 895 1435 Dum
945 1363 1120 1437 haec
1170 1383 1519 1460 aguntur,
1583 1363 1802 1438 frater
1829 1365 1977 1459 ejus
2013 1386 2102 1436 ex
2137 1360 2286 1455 pel·-

241 1456 366 1530 lice
417 1457 766 1554 susceptus
795 1514 817 1548 ‚
883 1461 996 1534 cui
1040 1481 1242 1558 pater
1301 1465 1730 1560 Cyrenarum
1765 1485 2054 1559 regnum
2086 1457 2291 1549 testa-

239 1574 476 1629 mento
505 1559 917 1654 reliquerat,
968 1559 1227 1634 herede
1256 1559 1517 1656 populo
1548 1560 1881 1632 Romano
1929 1551 2248 1636 instituto
2269 1611 2294 1647 ,

237 1651 539 1729 decedit.
638 1667 665 1722 3
714 1657 868 1752 Jam
914 1660 1108 1730 enim
1148 1656 1431 1732 fortuna
1475 1660 1801 1733 Romana
1829 1656 2192 1754 porrigere
2219 1656 2293 1730 se

238 1752 320 1827 ad
351 1754 738 1829 Orientalia
778 1778 993 1849 regna
1020 1775 1051 1842 ‚·
1112 1778 1253 1828 non
1287 1774 1629 1844 contenta
1659 1758 1904 1837 Italiae
1933 1755 2246 1834 terminis
2268 1808 2303 1846 ,

237 1868 598 1945 coeperat.
702 1852 945 1947 Itaque
991 1850 1069 1925 δε
1115 1877 1200 1926 ea
1227 1877 1381 1947 pars
1410 1856 1685 1950 Libyae
1715 1857 2083 1952 provincia
2111 1851 2301 1930 faeta
2393 1883 2399 1900 ·

239 1945 386 2022 est:
437 1946 681 2043 postea
719 1950 929 2021 Creta
964 1949 1346 2043 Ciliciaque
1394 1952 1691 2041 piratico
1723 1955 1907 2027 bello
1939 1952 2299 2047 perdomi-

242 2065 396 2135 tae,
463 2046 556 2118 in·
594 2043 897 2117 formam
928 2045 1341 2139 provinciae
1385 2041 1822 2145 rediguntur.
1917 2059 1953 2105 4
1999 2051 2162 2152 Quo
2200 2047 2307 2123 fa-

244 2144 358 2218 sto
401 2140 481 2218 dc
523 2144 761 2240 Syriae
792 2194 823 2233 ‚
882 2138 961 2215 ἃ
1007 2143 1321 2240 Aegypti
1367 2166 1632 2238 regna,
1695 2147 2016 2219 Romana
2055 2147 2310 2219 vicini-

247 2262 396 2316 tate
454 2260 679 2315 artata
709 2292 736 2330 ‚
812 2264 993 2336 quae
1062 2243 1500 2317 incrementa
1570 2243 1662 2314 de
1728 2241 2043 2316 finitimis
2111 2243 2317 2319 bellis

252 2362 581 2436 quaerere
637 2339 953 2413 solebant
983 2394 1004 2428 ‚
1059 2338 1344 2411 ademto
1391 2338 1703 2436 vagandi
1746 2341 2076 2430 arbitrio,
2126 2343 2312 2417 vires

256 2443 398 2519 suas
455 2443 531 2514 in
583 2438 975 2533 perniciem
1041 2459 1353 2516 mutuam
1418 2457 1957 2531 converterunt:
2043 2446 2074 2515 5
2129 2441 2345 2517 adeo'

2137 2541 2152 2559 ⁸
2232 2557 2316 2617 ut

312 2738 435 2788 Ciu».
464 2739 532 2786 V.
566 2751 608 2786 ι.
650 2738 745 2802 Qui
770 2756 906 2804 neque
939 2756 1034 2792 cun
1056 2739 1240 2805 uam]
1316 2738 1604 2800 redigendae
1663 2743 1978 2794 occafionem
2038 2738 2312 2803 arripuisse.

252 2800 308 2849 In
339 2803 442 2865 MS.
480 2801 699 2863 quodam
760 2804 967 2867 legitur,
1001 2808 1116 2868 quod
1165 2820 1243 2852 ne·
1316 2807 1548 2853 Brumae.

258 2881 367 2926 que,
392 2865 528 2913 unde
570 2864 819 2926 suspicor,
846 2866 1116 2917 lechonem
1156 2880 1243 2916 ve·
1382 2869 1517 2913 Creta
1567 2866 1861 2927 Ciliciaque]
1906 2868 2102 2916 Bellum
2145 2864 2315 2925 pirati-

260 2938 357 2976 ram
389 2927 485 2975 effe
520 2930 629 2988 quia
660 2943 806 2989 neque.
836 2933 1045 2980 scum-r.
1319 2940 1433 2975 cum
1478 2931 1523 2974 &
1554 2928 1880 2983 maritimum,
1904 2943 1930 2973 a
1980 2931 2026 2975 P.
2070 2929 2277 2975 Servilio
2297 2961 2321 2986 ,

325 3005 370 3039 ιι.
400 2991 570 3038 Fram
607 2992 698 3047 ejus
744 3008 800 3041 ex
836 2993 1024 3056 pellice]
1080 2993 1244 3039 Ptole·
1320 2989 1436 3050 qul,
1467 2999 1743 3047 expugnato
1761 2987 1927 3035 Isauro
1953 3002 2067 3036 arce
2096 2990 2325 3049 Ciliciae,

262 3065 424 3101 maeus
447 3053 581 3110 Apio
616 3052 772 3100 dietus
794 3089 811 3111 ,
838 3058 1075 3114 populum
1094 3056 1242 3103 Rom.
1322 3054 1521 3114 Ifhun'ct
1550 3052 1822 3109 cognomen
1875 3053 2143 3109 reportavit
2166 3085 2183 3111 ,
2201 3061 2324 3099 coe-

264 3116 553 3166 testamento
596 3117 827 3165 heredem
867 3119 1062 3176 reliquit
1093 3144 1110 3168 2
1154 3118 1247 3163 Eu·
1331 3128 1468 3176 ptum
1503 3112 1765 3172 Pompeius
1803 3114 2055 3174 confecit,
2088 3114 2211 3161 mira
2243 3114 2320 3160 fe-

270 3179 428 3227 sebius
469 3178 517 3226 in
537 3179 814 3228 chronicis.
847 3185 1104 3230 BoNoAns.
1135 3180 1257 3226 Item
1330 3178 1516 3228 licitare
1539 3179 1585 3224 δι
1604 3178 1859 3237 eeleritate
1878 3210 1894 3228 .
1926 3176 2052 3224 intra
2076 3177 2169 3224 XL.
2186 3178 2321 3224 diem

268 3242 521 3300 Appianus
552 3241 599 3289 in
628 3241 726 3290 fine
764 3244 985 3292 Mlthrid.
1024 3246 1256 3294 Benace.
1332 3242 1562 3290 nimirum
1583 3274 1601 3299 ,
1628 3253 1710 3289 aut
1730 3273 1747 3300 ‚
1775 3252 1827 3287 m
1859 3238 1942 3287 elii
1962 3274 1978 3298 ,
1997 3239 2150 3289 XLIX.
2198 3239 2326 3286 Vide

269 3306 393 3351 Vide
432 3304 596 3352 Tacit.
629 3308 758 3352 Ann.
792 3318 883 3355 xit.
907 3310 981 3355 18.
1020 3308 1065 3353 δι
1102 3305 1256 3352 Henr.
1330 3307 1635 3353 Plutarchum
1676 3336 1695 3361 ‚
1739 3303 2015 3362 Appianum
2047 3335 2064 3360 ‚
2125 3300 2334 3348 Cicero·

267 3368 511 3415 Valetium
558 3366 617 3414 ad
655 3369 901 3419 Ammian.
943 3370 1173 3418 Marcell.
1207 3381 1262 3427 p.
1333 3379 1450 3415 nem
1483 3379 1576 3424 pro
1619 3369 1732 3424 lege
1780 3366 2000 3413 Manilia.
2029 3364 2228 3411 Cretam
2263 3363 2329 3423 Q.

280 3433 388 3489 248.
416 3430 660 3477 Gnoxov.
1334 3430 1586 3479 Caecilius
1620 3429 1855 3476 Metellus
1907 3426 2215 3483 debellavit,
2242 3422 2331 3483 qul

338 3503 381 3546 3.
410 3493 652 3539 Provincia
677 3490 852 3555 12:60]
880 3491 997 3549 Ejus
1022 3492 1155 3553 regni
1191 3490 1263 3539 ci·
1338 3495 1453 3542 inde
1515 3493 1727 3541 Creticus.
1772 3492 1946 3540 Florus
1982 3502 2058 3542 111.
2096 3500 2149 3549 7.
2189 3488 2330 3538 Bor«-

276 3554 451 3603 vitates
480 3555 657 3603 liberas
698 3556 791 3602 effe
832 3556 1025 3605 senatus
1069 3557 1262 3615 voluit,
1335 3568 1487 3605 mas.

281 3616 477 3663 Liviana
509 3617 736 3676 Epitome
770 3618 878 3666 libri
926 3632 1042 3667 Lxx.
1091 3630 1263 3673 contra
1400 3633 1449 3677 4.
1479 3618 1578 3679 Quo
1614 3613 1780 3678 fimo]
1811 3615 1916 3665 MS.
1950 3614 2152 3673 quidam
2188 3648 2209 3677 ‚
2249 3630 2338 3678 quo

286 3676 532 3726 auftorem
578 3679 810 3729 nostrum.
871 3684 1133 3730 BoNGARs.
1196 3681 1264 3727 Si·
1330 3683 1499 3742 paee,
1541 3680 1680 3737 quod
1714 3677 1906 3725 videtur
1939 3677 2137 3726 rectius.
2203 3677 2307 3726 Mal

289 3741 454 3797 genius
470 3743 530 3789 de
565 3743 779 3800 Antiquo
812 3744 931 3804 Jure
968 3743 1267 3792 Provinciar.
1345 3746 1443 3790 lem
1478 3752 1641 3789 tamen
1679 3739 1900 3787 scribere
1934 3757 2016 3802 quo
2049 3742 2190 3803 flato,
2218 3742 2335 3800 quia

292 3813 400 3849 vm.
435 3806 503 3852 16.
550 3803 986 3857 contradictionem
1035 3810 1161 3855 hanc
1204 3808 1269 3852 ita
1350 3805 1494 3865 stupra
1528 3805 1591 3851 de
1627 3803 1823 3849 fortuna
1853 3803 2188 3854 Romanorum
2217 3817 2340 3853 coe-

287 3864 541 3913 conciliatz
572 3868 858 3925 cyrenaeos
879 3903 897 3928 ,
925 3871 1111 3918 liberos
1140 3884 1166 3917 a
1201 3866 1274 3915 se·
1350 3869 1422 3928 pit
1446 3867 1611 3922 loqui.
1638 3867 1838 3912 senem

287 3939 404 3975 natu
436 3927 630 3978 relictos
663 3964 679 3986 ‚
727 3932 832 3988 post
866 3946 893 3979 a
941 3932 1160 3989 tyrannis
1185 3944 1276 3987 op-
1415 3932 1554 3977 Bellfs
1587 3927 1839 3993 quaerero]
1870 3927 2044 3991 Forte,
2073 3932 2181 3982 bello
2204 3944 2340 3995 quae·

288 3989 470 4047 press‘os
509 3991 600 4038 effe
633 4006 646 4039 ε
683 4003 829 4049 atque
868 3995 983 4042 inde
1033 3997 1278 4054 populum
1351 4008 1468 4045 ren.
1506 3993 1742 4041 Gssonlov.

283 4052 433 4107 Rom.
495 4054 803 4113 Cyrenaicae
872 4057 925 4109 lu
973 4057 1280 4121 provinciam

1457 4115 1552 4167 Vv
2160 4124 2206 4172 3.
2235 4113 2350 4178 φ.
