2894 4823
1743 162 1762 207 ι

512 351 663 421 tw
903 316 2236 414 ΡΗᾹΕῈΑΤΙΟΝΕΞ·

520 519 663 581 nec
698 517 935 577 tamen
968 522 1057 574 ex
1097 497 1358 573 infimis
1389 513 1605 589 unum
1637 521 1665 585 ς
1731 499 1996 575 utilem·
2025 498 2312 594 quidem·
2347 504 2609 593 certe}

524 601 601 676 sc
630 658 651 691 ‚
703 624 797 674 ex
824 623 962 697 quo
996 600 1317 694 Trogum
1342 652 1365 686 ,
1421 595 1581 695 (etsi
1621 594 1759 683 est,'
1811 599 1928 694 qui
1971 597 2242 671 huncce
2273 597 2340 671 se
2372 600 2439 672 in
2459 602 2604 674 Ita··

515 704 661 787 lia,
714 723 837 795 per
876 699 1228 794 quietem,
1278 696 1536 786 cred0‚
1587 687 2157 793 vidiffe‘scribit)
2206 695 2454 770 frustra
2490 721 2604 770 re-

523 798 913 897 quirimus,
993 794 1356 871 Historiae
1436 789 1895 868 necessarium
1931 850 1951 884 ,
2023 804 2194 867 ante
2254 794 2609 890 plusculos

524 912 745 973 annos
787 896 1193 991 Jaconus
1251 896 1886 982 Bonoansxus,
1947 891 2384 988 dignationis
2430 894 2604 967 dum

526 996 813 1083 viveret
876 992 1326 1087 amplissimae
1379 988 1457 1063 ὅ(
1517 989 1891 1065 rariffimae
1938 991 2076 1065 Vir
2125 992 2608 1082 eruditionis,

524 1097 688 1169 cum
732 1092 771 1164 ὀ
806 1092 1049 1165 decem
1082 1090 1243 1187 ipsis
1277 1090 1591 1184 optimae
1638 1107 1851 1162 notae
1882 1088 2367 1185 manuscriptis
2399 1090 2596 1161 codi-

518 1194 715 1264 cibus
763 1189 1160 1288 integritati
1208 1189 1565 1285 nitorique
1618 1187 1741 1260 suo
1777 1186 2140 1269 reddidit:
2192 1206 2341 1261 tum
2377 1188 2599 1260 etiam

517 1288 742 1363 Notis
783 1290 869 1361 ad
920 1289 1261 1362 invidiam
1312 1309 1531 1383 usque
1575 1287 1861 1382 politis,
1927 1284 2006 1360 ἃ
2055 1306 2218 1359 cum
2266 1285 2596 1380 applausu

518 1388 919 1483 principum
980 1406 1263 1483 quoque
1324 1386 1399 1458 in
1467 1386 2222 1480 republicallitteraria
2279 1385 2598 1458 virorum

520 1487 881 1579 exceptis,
931 1484 1342 1574 illustravit,
1392 1482 1566 1557 nihil
1613 1505 1687 1556 ut
1729 1482 1895 1579 ipsts
1925 1482 2240 1578 ‘amplius
2299 1484 2597 1557 aliorum

519 1583 856 1659 industria
884 1584 1249 1658 videretur
1286 1582 1548 1655 adstrui
1580 1582 1810 1675 poss'e:
1861 1577 2307 1656 &adstruxit
2354 1592 2596 1655 tamen

518 1683 625 1756 V.
676 1685 835 1755 CL.
890 1685 1030 1755 Fn.
1085 1686 1510 1768 Momus,
1550 1680 1862 1755 Αιιᾶὶοτε
1904 1678 1981 1753 &
2015 1683 2104 1754 ad
2150 1678 2596 1753 Fuldenfium

520 1784 1084 1875 membranarum
1153 1780 1370 1852 fidem
1441 1780 1728 1852 ulterius
1797 1780 2193 1853 emaculato
2230 1831 2257 1870 ,
2319 1772 2397 1851 ἃ
2448 1794 2597 1853 non

514 1879 949 1974 aspernando
985 1881 1155 1951 dato
1201 1879 1557 1951 Notarum
1615 1877 2021 1975 Spicilegio.
2119 1877 2335 1975 Quod
2382 1877 2431 1950 fi
2476 1878 2595 1951 cui

516 1994 884 2071 praeterea
924 1980 1137 2050 libeat
1181 1994 1517 2049 excutere
1548 1996 2006 2049 monumenta
2042 1975 2588 2049 doctissimorum

510 2075 928 2158 hominum,
969 2077 1087 2171 qui
1127 2077 1242 2148 vel
1278 2076 1452 2148 Anti
1508 2098 1748 2147 uarum
1786 2093 1906 2147 aut
1937 2076 2317 2148 Variarum
2348 2074 2591 2149 lestio⁴

515 2176 726 2262 irum,
760 2174 1152 2249 Elefitorum
1175 2225 1203 2260 ,⁴
1231 2172 1453 2269 Conje
1529 2194 1862 2245 aneorum
1885 2228 1905 2260 ,
1926 2174 2588 2262 Miscellaneorum,

509 2274 1069 2347 Praemessorum
1089 2270 1621 2375 ‚Quaestionum
1657 2270 2188 2367 Epistolicarum
2209 2327 2230 2360 ‚
2253 2273 2309 2343 E
2363 2273 2594 2368 iphyl-

511 2364 1298 2461 lidumNerifimilium,
1319 2369 1834 2464 suspicionum,
1856 2370 2294 2444 Animadver
2319 2393 2590 2460 1onum,

515 2469 596 2543 &
635 2472 836 2566 hujus
880 2491 1092 2543 notae
1140 2469 1359 2542 titulis
1393 2470 1544 2542 aliis
1592 2468 1921 2563 praefixis
1966 2522 1988 2558 ,
2054 2470 2353 2566 plurium
2392 2468 2585 2543 simul

515 2567 883 2639 auffotum
940 2591 1176 2639 curam
1223 2567 1671 2663 profitentur:
1717 2568 1832 2640 vel
1884 2590 2101 2641 unum
2146 2569 2447 2665 aliquem
2495 2591 2587 2641 ex

510 2663 824 2760 professo
871 2664 1243 2737 traCtantes
1276 2719 1296 2751 ,
1348 2664 1632 2737 interim
1679 2665 1832 2740 aliis
1885 2688 2203 2762 quoque,
2256 2689 2586 2763 tanquam

510 2764 703 2836 aliud
741 2780 1070 2860 agentes,
1122 2761 1471 2839 medelam
1500 2764 1705 2857 saepe
1738 2765 2102 2838 salutarem
2159 2764 2594 2852 conferunt}

512 2879 648 2934 nae
695 2862 814 2934 ille
864 2861 1048 2935 haud
1103 2884 1364 2956 pauca,
1417 2884 1599 2959 quae
1643 2861 2000 2961 Bongarlii
2032 2919 2052 2953 ‚
2116 2884 2295 2959 quae
2345 2864 2606 2937 Modii*

448 2999 451 3006 ·
509 2961 1017 3060 perspicaciam
1052 2958 1367 3058 fugerint
1398 3014 1419 3048 ,
1473 2961 1824 3034 inveniet.
1924 2961 2121 3034 Idem
2164 2965 2252 3037 de
2284 2962 2438 3036 aliis
2461 2986 2596 3048 've-⁶

512 3075 668 3133 rum
724 3058 874 3133 est:
927 3057 1004 3132 &
1049 3062 1614 3155 experimentum
1662 3060 1810 3155 ipse
1864 3060 2214 3157 superiore
2262 3063 2598 3156 proximo

520 3157 813 3232 biennio
866 3163 1024 3254 cepi
1058 3213 1079 3242 .
1145 3183 1285 3255 quo
1333 3178 1487 3232 toto
1523 3213 1543 3248 ,
1596 3155 1673 3230 ἃ
1715 3182 1805 3230 eo
1844 3159 2141 3253 amplius
2173 3214 2194 3249 ,
2250 3177 2592 3257 quantum

514 3276 647 3353 per
693 3259 1195 3352 occupationes
1252 3258 1418 3331 alias
1466 3257 1991 3330 concedebatur
2022 3313 2042 3348 ,
2108 3260 2249 3331 buc
2301 3281 2594 3331 omnem

517 3359 835 3430 laborem
872 3357 1137 3443 retuli,
1191 3380 1400 3429 curae
1451 3354 1615 3427 huic
1662 3357 1898 3428 omnia
1943 3380 2337 3452 temporum
2373 3357 2594 3430 succi-

520 3453 667 3526 ssva
707 3452 1109 3542 donavi,ut
1155 3477 1243 3526 ex
1291 3454 1363 3526 id
1405 3476 1632 3550 genus
1664 3455 2115 3547 scriptoribus
2142 3457 2598 3550 Philologicis

518 3552 927 3650 insigniores
960 3552 1491 3627 emendationes
1540 3570 1659 3624 aut
1719 3555 2194 3627 enarrationes
2240 3554 2595 3650 undequa-

520 3675 659 3746 que
695 3652 1090 3747 colligerem
1113 3648 1487 3739 ,collefilas
1513 3650 1598 3723 ad
1633 3650 2012 3724 Amstorem
2059 3677 2365 3748 quasque
2397 3656 2596 3726 suum
2711 3677 2712 3686 ¹

516 3748 901 3836 referrem,
953 3769 1162 3844 atque
1216 3751 1312 3822 ita
1350 3749 1776 3822 conficerem
1819 3749 1905 3822 ad
1951 3752 2297 3843 plusculos
2345 3750 2604 3824 Histoe·

522 3847 704 3917 ricos
758 3845 938 3918 haud
990 3850 1315 3945 exiguam
1377 3847 1736 3921 Notarum
1781 3846 1966 3943 quali
2016 3849 2280 3944 sylvam
2319 3899 2344 3936 ‚
2407 3874 2592 3944 quae

519 3946 1042 4017 commentariis
1115 3946 1637 4033 seleffloribuS,
1690 3947 1762 4019 in
1824 3947 1980 4018 illos
2038 3946 2381 4021 Austores
2441 3950 2596 4042 jam

520 4063 690 4120 ante
723 4043 1060 4142 vulgatis,
1111 4069 1280 4140 quos
1314 4044 1351 4116 ἐ
1386 4047 1708 4120 manibus
1749 4043 2210 4123 studiosorum
2260 4065 2601 4122 excutere

2365 4144 2598 4234 velle,
