2894 4823
756 361 1982 458 PRAEFATIO.

290 572 531 658 ‘opere
574 555 1022 665 Paternum
1060 560 1550 670 Avitumque
1570 582 1851 643 morem
1890 562 1972 646 in
2020 551 2399 675 indagan-

289 669 411 755 dis
456 662 880 755 dollrinae
898 674 1217 755 arcanis
1253 669 1366 774 ἐρ’
1398 696 1593 755 nunc
1610 675 1968 770 imitari,
2015 672 2128 776 &³
2148 677 2401 793 postea

288 781 771 888 confirmato
817 786 1065 867 animi
1103 784 1379 891 robore
1441 781 1756 897 adsequi
1791 783 1989 870 velle
2026 842 2056 887 ,
2111 812 2218 875 ex
2265 789 2395 879 hoc

280 898 431 977 otii
446 891 882 1004 specimine
889 891 1240 1000 statuas.

390 1006 559 1089 Ita
565 1004 754 1111 sere
771 1006 943 1089 olim
975 1004 1451 1115 praefabar,
1469 1032 1696 1117 quum
1713 1006 2106 1112 Justinum
2141 1012 2393 1121 publi-

244 1139 565 1203 sarem
603 1115 767 1202 unck
806 1143 969 1201 cum
990 1114 1397 1227 specimine
1450 1124 1944 1205 variantium
1991 1118 2389 1209 lellionum

276 1238 485 1313 tam'
540 1220 898 1315 Codicum
941 1231 1185 1314 MSS.
1250 1256 1480 1345 quam
1537 1230 1982 1319 Editionum
1999 1289 2029 1334 ‚
2112 1238 2387 1348 quibus

249 1338 620 1449 sueram
671 1339 847 1451 ufits
897 1371 924 1427 .·
999 1343 1178 1428 illas
1229 1361 1487 1429 autem
1541 1342 1933 1428 uberiores
1987 1368 2088 1429 ex
2129 1349 2391 1435 iisdem

268 1454 878 1564 exemplaribus
931 1470 1095 1543 tam
1150 1482 1382 1540 manu
1433 1480 1665 1566 quam
1727 1458 1927 1565 typis
1978 1465 2340 1547 exaratis
2355 1517 2386 1561 ‚

448 1594 501 1652 e
530 1562 866 1676 subinde
917 1570 999 1650 in
1046 1593 1312 1654 manus
1368 1590 1571 1653 meas
1624 1584 2156 1676 pervenerunt
2192 1626 2221 1674 ,
2301 1576 2386 1659 in

325 1705 430 1761 ac
480 1677 820 1763 editione
851 1676 1458 1791 repraesentavi.
1557 1677 1884 1787 Istorum
1920 1683 2179 1788 igitur
2210 1682 2386 1767 bre,

268 1813 462 1987 2³2⁶?
514 1794 884 1877 notitiam
920 1790 1097 1879 Ubi
1110 1855 1138 1898 ,
1198 1791 1574 1882 Benevole
1610 1787 1896 1881 Lellor
1925 1851 1956 1898 ,
2014 1792 2135 1881 bic
2166 1794 2381 1885 exbi-

423 1929 494 1986 ⁰·
2223 1950 2234 1965 .-

390 2019 574 2101 Sex
632 2014 929 2100 Codices
968 2014 1246 2119 Iustini
1288 2016 1476 2101 mibi
1490 2014 2037 2129 suppeditavit
2081 2016 2376 2104 Biblio-

282 2124 519 2213 theca
595 2127 897 2237 publica
958 2127 1333 2231 Leidensis
1374 2158 1403 2213 .·
1479 2156 1801 2242 quorum
1866 2130 2011 2214 duo
2070 2134 2376 2241 priores

276 2242 513 2326 inter
560 2240 862 2324 Codices
900 2240 1142 2324 MSS.
1191 2243 1527 2325 Latinos
1565 2240 2080 2325 Bibliothecae
2124 2299 2153 2342 ‚
2207 2258 2376 2326 tres

276 2353 513 2437 inter
594 2352 897 2438 Codices
954 2351 1194 2437 MSS.
1294 2355 1382 2441 V
1369 2351 1681 2465 offianos
1770 2348 2306 2463 affirmantur
2346 2370 2378 2442 ὲ

258 2461 568 2575 sextus
605 2462 711 2573 est
760 2466 1058 2576 Legati
1093 2469 1614 2552 Perizoniani.

396 2577 737 2662 Illorum
793 2604 1186 2662 numerum
1247 2593 1485 2664 antea
1539 2575 1835 2690 quidem
1896 2581 1978 2662 in
2045 2569 2376 2664 adnota-

276 2692 591 2774 tionum
637 2688 1039 2799 specimine
1113 2685 1565 2800 digesfi’ram
1616 2692 1870 2800 juxta
1906 2687 2368 2799 scripturae

272 2799 760 2908 vetustatem
792 2857 821 2901 ,
890 2827 1119 2915 quam
1189 2802 1745 2914 praeferebant
1786 2830 1814 2884 .·
1889 2825 2084 2884 nunc
2171 2825 2368 2886 vero

263 2915 538 3024 Juxta
602 2913 940 2998 ordinem
956 2975 983 3016 ,
1017 2911 1423 3024 secundum
1466 2941 1683 3028 quem
1742 2918 1824 3000 in
1864 2909 2029 3032 ipsa
2074 2915 2366 3004 Bibli0⁴

274 3027 514 3113 theca
534 3021 737 3135 sunt
774 3027 1129 3136 repositi,
1187 3025 1519 3113 exhibui.
2327 3081 2334 3092 =

391 3142 729 3225 Primus
763 3137 1057 3246 infolio
1109 3137 1718 3226 membranaceus
1769 3151 1956 3223 ante
2025 3135 2367 3222 'uadrim

279 3267 557 3363 gentos
599 3254 922 3335 circiter
957 3277 1195 3338 annos
1230 3270 1664 3355 exaratus,
1726 3268 1962 3363 atque
2049 3245 2361 3336 alienus

285 3370 561 3559 ztime
581 3389 721 3447 con
754 3363 1662 3471 ervatus‚comprehendit
1679 3358 1931 3447 Orofii
1953 3362 2186 3447 libros
2213 3373 2356 3452 vlt.

423 3479 689 3561 Onne
750 3502 799 3556 a
851 3473 1193 3580 Mundi,
1246 3473 1623 3587 Prologos
1676 3473 2042 3559 librorum
2094 3475 2269 3560 Tro
2311 3539 2318 3542 .

301 3583 692 3694 Pompeii,
729 3583 818 3670 δε
860 3586 1242 3671 lustinum.
1307 3593 1625 3697 Prologi
1662 3587 2092 3699 &priores
2134 3584 2293 3691 lull
2328 3612 2360 3650 ⁴

312 3705 375 3778 ni
405 3703 589 3787 libri
620 3705 966 3786 numeris
1009 3699 1119 3803 &³
1150 3701 1488 3786 rubricis
1527 3698 2069 3811 destituuntur.
2163 3689 2357 3786 Pria-

264 3832 423 3914 ‚ma
479 3815 807 3901 rubrica
897 3812 1186 3898 demum
1242 3827 1582 3921 apparet
1658 3810 1769 3896 ad
1825 3812 2095 3896 calcem
2164 3803 2355 3902 libri

284 3939 591 4014 xxvnt
619 3951 874 4042 eaque
913 3922 1334 4033 hujusmodi
1369 3923 1513 4032 ests
1541 3921 1880 4034 Pompeii
1900 3923 2159 4033 Trogi
2191 3922 2352 4031 θρῖα

262 4054 493 4126 tome
557 4040 1056 4136 historiarum
1127 4038 1313 4122 liber
1391 4029 1797 4146 vigessmus‘
1860 4033 2177 4125 ossavusi
2222 4053 2354 4116 ex.

1278 4147 1402 4260 η
1461 4174 1502 4233 2
2222 4147 2374 4264 vm
