2894 4823
528 370 1835 697 ”TA'NAQUIILLI
1946 424 2676 645 FAnsslsp

528 728 641 1003 Ῥ
761 792 889 937 R
1008 797 1141 936 A
1262 793 1382 933 E
1527 798 1631 936 F
1736 799 1869 935 A
1978 790 2122 936 T
2236 795 2290 933 1
2411 794 2592 935 o,

741 1164 950 1214 ovam
975 1138 1222 1237 Justini
1252 1139 1639 1214 editionem
1660 1143 1798 1217 hoc
1830 1166 1968 1218 uno
1994 1139 2277 1219 confilio
2314 1139 2606 1234 suscepi.

788 1261 863 1313 ut
902 1240 1151 1334 Inclyti
1170 1239 1509 1337 Delphini
1543 1239 1780 1314 studiis
1806 1243 2173 1339 aliquando
2207 1237 2427 1332 posset
2464 1235 2609 1311 ess'e

462 1352 479 1367 ‘
539 1339 756 1412 utilis.
861 1338 939 1409 Id
979 1355 1212 1410 autem
1245 1360 1404 1409 cum
1438 1337 1511 1410 in
1559 1340 1794 1411 animo
1841 1341 2045 1413 unice
2083 1338 2460 1425 haberem,
2514 1356 2606 1407 ea

536 1435 682 1510 fuit
722 1458 765 1507 a
795 1458 913 1507 me
939 1434 1250 1508 adhibita
1278 1434 1649 1532 diligentia
1678 1489 1700 1524 ‚
1763 1454 1840 1508 ut
1891 1438 2155 1533 liquido
2208 1430 2447 1530 poffim
2476 1431 2607 1504 de·

537 1533 809 1632 jerat-e,
862 1532 1047 1607 hunc
1078 1533 1484 1625 scriptorem
1533 1555 1887 1629 nunquam
1932 1534 2234 1608 antehac
2264 1528 2596 1606 emenda-

543 1634 801 1705 tiorern
838 1628 1206 1723 prodiisse3
1230 1630 1443 1723 idque
1477 1630 1605 1703 tibi
1640 1653 1845 1726 quam
1877 1655 2123 1707 verum
2161 1630 2239 1702 lit
2264 1683 2286 1716 ‚
2337 1652 2414 1704 re
2454 1623 2604 1720 ipsa

536 1730 715 1803 licet
750 1727 1097 1821 experiri,
1146 1726 1427 1799 Lestor.
1480 1749 1708 1822 neque
1748 1752 1925 1802 vero
1958 1728 2059 1804 est
2089 1779 2115 1817 ,
2163 1726 2348 1823 quod
2396 1726 2602 1799 dubi·

542 1843 691 1912 tes;
743 1825 898 1898 fieri
928 1825 1129 1898 aliter
1160 1845 1299 1897 non
1326 1842 1817 1918 poterat,cum
1851 1827 2275 1921 Delphinum
2297 1880 2319 1915 ‚
2356 1823 2425 1897 id
2457 1820 2605 1911 est,

539 1925 844 1999 Amores
875 1918 952 1994 ἃ
985 1920 1296 1994 Delicias
1323 1977 1343 2010 ,
1409 1921 1485 1997 id
1526 1920 1625 1997 est
1657 1977 1679 2011 ,
1731 1925 2046 1998 Alteram
2094 1924 2280 1997 inam
2330 1920 2608 1995 Galliae

541 2020 817 2094 nostrae
861 2017 1095 2112 spem,
1145 2017 1385 2092 tandiu
1431 2038 1594 2093 ante
1644 2022 1887 2094 oculos
1918 2020 2280 2096 habuerim
2312 2068 2340 2109 ,
2385 2040 2603 2116 quan,-

540 2120 664 2193 diu
716 2117 787 2191 in
843 2118 978 2190 hoc
1006 2118 1242 2191 labore
1278 2116 1585 2191 versatus
1624 2118 1792 2193 sum.
1894 2119 2131 2207 Vale,
2200 2109 2597 2204 Leston-‚61

535 2211 708 2290 huic
750 2216 1054 2289 editioni
1107 2212 1276 2307 fave
1311 2270 1332 2301 ,
1396 2215 1564 2288 dum
1619 2216 2041 2290 Terentium
2103 2239 2265 2292 cum
2311 2214 2604 2288 Notulis

541 2314 723 2390 meis
757 2315 892 2388 tibi
929 2314 1196 2388 adorno
1214 2337 1253 2403 3·
1290 2312 1367 2388 δι
1399 2314 1548 2409 jam
1577 2336 1816 2413 parata
1846 2337 1960 2389 res
1988 2314 2123 2390 est:
2170 2316 2261 2389 Et
2284 2314 2433 2411 jam
2449 2312 2600 2408 Ty·

538 2415 894 2509 pographi
926 2436 1167 2486 manus
1216 2431 1527 2487 exercet.
1623 2415 1996 2487 Caeterum
2027 2429 2076 2502 ,'
2103 2415 2242 2488 hoc
2284 2431 2357 2486 te
2386 2462 2414 2503 ,
2462 2411 2597 2483 Le·

539 2509 696 2583 ssot
725 2563 747 2598 ,
806 2511 1234 2583 monendum
1290 2511 1588 2606 arbitror
1616 2558 1644 2599 ,
1718 2510 1907 2585 hanc
1961 2511 2352 2586 editionem
2432 2528 2603 2582 vere

538 2628 777 2682 meam
826 2604 1025 2692 effe3
1085 2604 1375 2679 alteram
1429 2606 1619 2680 illam
1658 2655 1686 2696 ,
1751 2608 1844 2681 de
1904 2630 2041 2704 qua
2099 2607 2420 2683 inaudivi
2475 2605 2601 2678 ali-

536 2703 936 2797 quid.fnec
968 2725 1197 2777 meam
1240 2700 1425 2795 ess'e,
1476 2726 1706 2801 neque
1746 2728 1788 2780 a
1817 2729 1932 2778 me
1963 2725 2444 2802 procuratam,
2496 2702 2595 2774 lin

536 2799 782 2894 decipi
816 2801 1012 2872 voles
1047 2854 1069 2887 ‚
1117 2799 1374 2875 ridebit
1425 2804 1742 2877 monitor
1772 2825 1921 2880 non
1962 2806 2350 2883 exauditus.
2446 2802 2599 2877 Scis

541 2898 709 3000 quid
740 2898 1084 2995 sequatur.
1176 2900 1444 2976 lterum
1475 2900 1660 2976 vale.

2258 4069 2602 4171 JOAN·
