2894 4823
702 334 2023 469 ,PRAEFATtoNEa
2285 384 2415 442 m

318 515 532 588 ribus.
644 515 889 588 Licuit
934 535 1132 592 certe
1178 517 1407 591 ridere
1444 534 1669 608 nuper
1698 516 2090 597 eorundem
2134 518 2406 625 legenti

318 619 688 685 orationes
721 614 795 687 ἃ
834 614 1595 706 historiasiagnoviffes
1629 617 1995 687 hominurn
2031 643 2251 709 genus
2285 627 2402 699 vel

312 735 398 782 ex
434 713 652 784 nudis
689 716 962 784 verbis:
1017 714 1130 786 illa
1179 712 1515 808 fiquidem
1561 734 1801 801 erant,
1853 715 2253 801 ίὺποςᾶμοια
2295 730 2399 803 ιο)

303 808 686 889 mmmmm*
706 867 727 897 ,
766 813 947 897 σ’Φρῦς
983 814 1204 903 {zoni-z
1228 864 1252 900 ,
1274 811 1375 883 aa!
1400 811 1591 891 λόφξς
1609 866 1632 899 ,
1663 818 1791 882 δέει·
1821 813 1973 886 {vla
2001 819 2394 907 μσςμομοτδ.

302 906 697 981 Potunss‘em
752 908 828 981 ἃ
880 932 1025 1005 ego
1075 931 1218 981 tam
1272 908 1617 982 horrificis
1673 913 2037 984 vocabulis
2095 917 2396 1005 terreri,

305 1005 437 1078 nisi
493 1003 618 1079 ὅπου
671 1018 727 1077 ἐι
776 1016 845 1105 τῇ
896 1017 1141 1106 malj
1200 1006 1574 1098 exyuditu
1619 1008 2077 1101 agnoviffetn.
2181 1012 2397 1088 Hanc

304 1102 408 1175 illi
444 1126 596 1175 non
646 1104 974 1178 dubitant
1012 1129 1143 1199 pro
1172 1129 1343 1178 vera
1387 1107 1787 1201 eloquentia
1839 1107 2209 1181 venditare
2240 1166 2263 1197 ‚
2311 1110 2393 1187 δε

308 1200 385 1271 in
421 1225 515 1273 ea
549 1200 671 1273 fibi
703 1224 979 1299 quoque
1010 1206 1310 1301 aliquam
1345 1204 1645 1298 palmam
1698 1208 2027 1277 tribuere.
2083 1206 2272 1309 Quid
2297 1210 2392 1284 de

300 1301 466 1370 aliis
518 1297 706 1372 reete
744 1302 1074 1396 judicent
1106 1360 1127 1390 ‚
1200 1301 1320 1398 qui
1361 1301 1452 1373 de'
1498 1300 1567 1373 se
1610 1298 1768 1392 ipsis
1814 1321 1958 1374 tarn
2002 1304 2391 1395 perverse?

304 1395 595 1485 Miror,
650 1421 809 1470 cum
845 1399 1099 1490 vide0,
1140 1402 1321 1495 ipsos
1358 1399 1514 1473 illos
1542 1399 1858 1472 homines
1890 1402 2209 1494 gloriari,
2261 1402 2389 1479 fibi

301 1495 474 1566 solis
511 1495 917 1571 incumbere
969 1501 1246 1585 literas,
1299 1497 1887 1592 metuendamque
1924 1500 2109 1571 adeo
2156 1501 2386 1575 litera·

302 1602 469 1663 'rum
506 1593 780 1665 ruinam
810 1646 836 1683 ,
882 1596 955 1668 ni
998 1594 1120 1691 ipsi
1154 1595 1325 1683 (int,
1377 1596 1495 1689 qui
1530 1594 1903 1668 sustineant
1933 1620 2018 1667 ac
2062 1595 2383 1672 fulciant.

300 1691 433 1763 Ne
471 1689 601 1783 ipsi
630 1716 784 1763 eam
827 1694 1202 1789 aliquando
1241 1692 1602 1771 inducant.
1708 1692 1900 1863 (guid
1957 1691 2180 1765 facias
2215 1717 2385 1771 cum

297 1789 744 1882 ejuscemodi
789 1785 1264 1865 mortalibus?
1332 1791 1588 1887 Jubeas
1638 1793 1733 1864 mi
1768 1815 1920 1863 eros
1974 1790 2115 1863 effe
2159 1792 2382 1868 liben-

296 1904 439 1961 ter.
548 1888 947 1984 Ablegandi
993 1890 1406 1986 Anticyram
1447 1940 1474 1977 ,
1542 1884 1660 1961 ὅτε
1696 1893 1957 1973 &mas-a
2000 1891 2376 1989 ὅλλεεορίζοιε

298 2012 437 2056 ται.
545 1985 802 2059 Malim
843 2012 979 2084 ego
1025 2011 1188 2063 cum
1238 1985 1439 2081 gallis
1480 1985 1569 2057 κω*
1606 1990 1689 2058 ιω*
1720 2009 2013 2075 canere,
2061 2008 2181 2061 aut
2218 2010 2383 2065 cum

298 2083 499 2155 'ranis
525 2087 831 2172 βμιαειὶξ
863 2107 1199 2171 conare,
1255 2107 1463 2181 quam
1515 2085 1659 2159 istis
1716 2086 2020 2178 placere.
2122 2086 2384 2182 Neque

299 2183 499 2251 enim
557 2184 683 2256 illis
729 2188 1008 2278 placere
1075 2181 1393 2278 poss‘um,
1464 2184 1631 2275 quin
1687 2184 1932 2269 Tibi,
1994 2176 2071 2255 ἂ
2131 2185 2393 2295 boni&⁸

297 2279 755 2373 displiceam,
822 2282 1168 2377 Juvenum
1205 2280 1680 2352 Nobilissime.
1762 2278 1969 2351 Novi
2008 2279 2199 2354 enim
2231 2281 2383 2354 ani-³

296 2400 504 2450 mum
538 2400 732 2451 tuum
770 2382 861 2453 ab
893 2379 978 2452 iis
1013 2398 1285 2453 tanturn
1315 2377 1701 2452 abhorrere
1730 2432 1752 2465 ‚
1804 2395 2140 2473 quantum
2188 2376 2284 2449 illi
2336 2398 2388 2454 a

296 2478 474 2549 sana
518 2498 780 2550 mente.
880 2478 1055 2553 Non
1111 2477 1378 2573 possum
1423 2477 1666 2551 dicere
1694 2478 2129 2568 ,quantum
2180 2487 2379 2548 amo*

290 2593 460 2647 rem
508 2576 609 2647 tui
659 2581 833 2648 haec
876 2579 1086 2649 resin
1121 2599 1237 2647 me
1284 2578 1635 2651 excitarit.
1733 2574 1828 2646 Et
1850 2571 1999 2667 jam
2040 2572 2161 2646 diu
2206 2595 2376 2648 con-

288 2672 668 2746 stitueram
715 2676 906 2746 illum
958 2675 1191 2767 aliquo
1225 2669 1462 2747 cultus‘
1496 2678 1636 2748 mei
1690 2670 2093 2744 testimonio
2133 2671 2378 2766 palam

288 2769 548 2846 facere
580 2826 603 2858 ,
658 2793 817 2843 curn
858 2789 1027 2850 ecce
1063 2771 1490 2846 seseobtulit
1527 2770 1828 2870 justinus
1857 2823 1880 2858 ‚
1938 2793 2146 2865 quem
2181 2785 2375 2844 nune·

284 2870 553 2944 lubens
612 2870 998 2966 meritoque
1041 2872 1113 2941 T
1119 2871 1216 2946 ibi
1263 2871 1670 2964 inscriptum
1715 2891 1825 2940 eo,
1926 2869 2372 2968 Quamquam

283 2990 437 3040 non
488 2967 725 3039 fuerat
758 2970 1026 3041 animus
1076 2966 1870 3062 post·luculentiffimam
1908 2969 2020 3038 M.
2059 2965 2371 3062 Berneg·

280 3069 487 3162 geri,
546 3065 684 3140 viri
721 3067 790 3139 iu
830 3070 1154 3140 omnibus
1191 3067 1661 3152 versatisfimi‚
1709 3065 2143 3151 editionem,
2175 3064 2372 3159 quic·

284 3190 503 3260 quam
539 3184 841 3237 tentare.
947 3164 1363 3238 Instantibus
1398 3175 1638 3238 'tamen
1688 3161 2144 3260 typographis
2169 3213 2192 3246 ,
2252 3160 2374 3233 vel

288 3287 430 3358 quo
472 3284 682 3336 merx
724 3261 1151 3335 vendibilior
1187 3260 1373 3335 foret
1415 3319 1438 3352 ‚
1511 3263 1628 3335 vel
1672 3259 1863 3356 quod
1896 3258 2162 3334 nudum
2205 3279 2372 3351 pro-

289 3365 433 3435 dire
474 3361 786 3458 puderet
820 3414 843 3447 ‚
922 3361 1292 3432 amiculum
1348 3361 1571 3456 injeci
1609 3413 1631 3448 ,
1689 3380 1829 3429 non
1874 3358 2156 3452 quidem
2196 3354 2372 3428 illud

296 3482 763 3556 purpureum,
817 3475 938 3531 aut
972 3457 1307 3550 byffinum
1328 3512 1352 3548 ,
1374 3460 1567 3557 quali
1610 3478 1772 3530 eum
1804 3452 2001 3526 veste
2031 3467 2372 3523 ornarunt

304 3561 422 3631 viri
462 3561 716 3633 summi
762 3553 1175 3650 Bongarfius
1210 3555 1284 3632 ἃ
1313 3561 1794 3652 Berneggerus
1827 3567 1851 3639 3
1903 3550 2018 3624 sed
2057 3571 2146 3623 ex
2177 3547 2370 3622 deci·

308 3653 464 3729 divis
519 3656 747 3752 panni
816 3651 1127 3727 frustulis
1177 3654 1800 3739 consarcinatum;
1870 3645 2061 3744 quod
2126 3664 2369 3721 tamen

312 3749 509 3842 ipsum
560 3754 804 3829 forsan
860 3774 1015 3830 non
1063 3752 1305 3830 inutile
1344 3750 1719 3851 judicabi&
1834 3746 2023 3824 Vale
2070 3764 2367 3843 genero·

288 3846 524 3928 fiffime
556 3855 845 3934 Bielke.

1312 4135 1420 4186 *ἥ
1470 4162 1514 4215 2
2003 4133 2374 4261 ΤᾼΝΑ-
