2894 4823
500 253 638 324 1'60

1171 245 1900 340 Jusrtut

501 421 533 466 ⁶
561 422 699 524 Qui
741 439 900 493 cum
948 416 1148 491 infita
1181 419 1382 513 genti
1418 419 1733 512 superbia
1766 416 2144 491 crudeliter
2176 420 2248 491 in
2289 411 2575 517 plebem

506 518 942 604 consuleret,
995 516 1267 612 singulis
1311 517 1691 611 tyrannidis
1733 515 1853 590 fibi
1887 517 2379 610 impotentiam
2413 521 2575 593 vin-

507 617 903 691 dicantibus
941 669 961 701 ,
1030 617 1135 685 ab·
1181 614 1502 686 exercitu

509 715 669 805 tur,
723 717 999 807 duxque
1047 711 1228 783 claffi
1285 712 1748 785 constituitur.

1568 612 1978 689 Alcibiades
2035 615 2221 687 exsul
2275 641 2572 705 revoca·

1849 712 2158 785 ⁷Statim
2208 715 2422 809 igitur
2471 718 2574 788 A·

509 816 757 888 thenas
801 811 1022 885 mittit
1053 864 1074 898 ,
1143 834 1223 881 cx
1288 815 1642 884 continenti
1670 809 1752 909 se
1811 836 1949 884 cum
1999 817 2288 883 exercitu
2339 831 2575 885 ventu·

513 1093 707 1152 bitror,
734 1090 849 1151 quid
886 1087 1150 1148 iudicatrix
1187 1083 1273 1138 illa
1294 1089 1499 1153 facultas

511 1159 706 1206 ellicere
745 1154 896 1214 ponit.
967 1164 1145 1211 Neque
1194 1155 1323 1200 enim
1361 1155 1499 1203 dubi·

509 1220 708 1267 tandum
727 1251 744 1276 ,
771 1219 888 1275 quin
920 1219 1015 1264 hoc
1052 1219 1167 1264 loco
1188 1217 1498 1275 turpissimnm

512 1283 746 1329 mendum
781 1282 871 1338 fit;
899 1280 947 1327 id
981 1280 1112 1338 quod
1147 1280 1317 1337 paucis
1352 1294 1378 1328 a
1417 1293 1497 1327 me

512 1345 809 1391 ostendetur.
871 1341 1138 1400 Imperium
1176 1342 1395 1390 defertur
1435 1343 1500 1389 ad

509 1406 762 1464 senatum,
790 1405 859 1455 ait
889 1404 1132 1467 Justinus;
1176 1406 1240 1452 At
1265 1407 1498 1465 SenatuS,

512 1483 624 1517 cum
662 1469 792 1516 inlita
823 1470 952 1530 genu·
981 1466 1276 1526 superbiain
1297 1468 1497 1526 plebem

514 1532 782 1580 crudeliter
816 1531 1077 1579 consulere
1114 1530 1375 1589 coepiss‘et,
1395 1541 1498 1578 tum

511 1607 636 1644 vero
678 1592 879 1642 mutatio
918 1605 1082 1641 rerum
1112 1592 1374 1641 consecuta
1412 1592 1498 1639 est.

509 1658 637 1717 Ergo
677 1657 868 1704 senatus
889 1656 958 1702 est
973 1657 1274 1715 gens,quod
1305 1668 1502 1714 magno-

514 1735 637 1781 pere
667 1718 840 1767 falsum
873 1718 958 1791 esi.
1022 1719 1148 1767 Nam
1183 1731 1300 1778 gens
1329 1719 1501 1776 &ple-

516 1786 629 1832 bem
661 1780 1068 1839 c'omp’lcetitur&
1089 1778 1320 1829 senatum.
1368 1781 1497 1841 Qua·

513 1859 569 1894 re
610 1854 825 1893 mentem
858 1843 958 1891 alio
1004 1855 1263 1892 convertas
1310 1842 1501 1891 necesse

516 1909 604 1956 est.
668 1908 865 1968 Quaero
902 1906 1064 1964 itaque
1097 1919 1157 1955 an
1222 1919 1310 1953 ens
1340 1907 1502 1954 Attica

520 1971 640 2020 sumi
661 1970 797 2029 pofflt
830 1982 924 2027 pro
947 1968 1153 2018 senatu?
1230 1970 1320 2017 aud
1352 1967 1502 2030 sane,

518 2033 694 2093 inquis.
723 2035 785 2080 At
799 2032 988 2080 senatus
1008 2065 1026 2092 ,
1046 2033 1162 2091 quid
1177 2037 1199 2081 ἰ’
1217 2033 1396 2080 Nonne
1413 2032 1500 2080 ille

514 2096 719 2146 nobilitas
758 2096 823 2142 est
841 2100 863 2143 ?
904 2096 1015 2143 Hoc
1059 2095 1221 2154 negari
1270 2108 1369 2144 non
1407 2108 1500 2155 po-

517 2161 625 2210 test.
651 2160 832 2207 Nonne
854 2161 976 2221 plebs
1002 2149 1052 2204 &'
1076 2160 1280 2206 nobilitas
1305 2157 1391 2220 (id
1411 2157 1501 2217 est,
1530 2159 1537 2166 ’

503 2221 733 2286 fimens)
787 2233 1032 2281 perpetuo
1058 2220 1189 2269 inter
1225 2222 1275 2269 se
1310 2220 1499 2270 dimdio

516 2289 778 2337 laborant?
806 2283 986 2332 Nonne
1019 2285 1115 2332 hoc
1152 2297 1351 2343 quoque
1386 2296 1502 2344 per-

517 2362 695 2413 petuae
724 2347 943 2397 veritatis
974 2347 1041 2394 est
1059 2382 1077 2409 ‚
1122 2359 1176 2396 ut
1193 2350 1399 2397 nobilitas
1440 2346 1504 2410 fit

504 2415 700 2476 superba
734 2411 785 2460 ὁ*
816 2413 1021 2474 inpotens
1053 2411 1103 2458 u‘u
1140 2413 1324 2472 plebe-n.
1389 2410 1504 2458 Hoc

515 2482 616 2526 tale
652 2474 720 2522 est
761 2486 812 2522 ut
846 2487 958 2522 eum
999 2472 1092 2521 effe
1130 2473 1181 2520 in
1221 2475 1369 2522 rebus
1410 2486 1501 2531 pu-

517 2539 664 2589 blicis
681 2536 920 2594 hospitem
948 2536 994 2582 &
1014 2540 1322 2593 peregrinum
1351 2547 1503 2594 opor-

516 2614 654 2662 teat,
685 2599 770 2657 qui
802 2599 865 2646 de
907 2610 969 2644 eo
1007 2596 1325 2646 dubitandum
1363 2610 1501 2656 puta-

513 2666 591 2712 rit.
655 2661 818 2721 Quare
874 2658 1190 2717 corrigendus
1235 2659 1502 2707 necessario

512 2728 591 2774 hic
620 2727 761 2772 locus
793 2722 839 2769 &
874 2723 936 2770 sic
962 2723 1194 2780 legendus
1226 2756 1243 2782 ‚
1270 2724 1503 2787 Interiun-

513 2791 578 2838 αδ
594 2789 797 2848 finarum
823 2784 1098 2846 transfireur
1117 2820 1132 2843 ‚
1160 2788 1239 2847 que·
1268 2802 1362 2833 cum
1384 2822 1399 2845 ‚
1433 2789 1504 2834 ἰπ-

502 2854 595 2914 ssea
630 2849 856 2897 nohilitati
884 2846 1095 2909 fieperbia
1117 2883 1134 2906 ‚
1178 2850 1412 2897 crudeliter
1453 2852 1504 2897 in

506 2917 676 2978 plebem
727 2910 819 2957 &a
871 2908 983 2957 Vin'
1028 2921 1079 2958 ru
1117 2909 1232 2959 addi
1277 2912 1502 2971 aliquid?

515 2979 591 3026 En
610 2975 700 3025 tibi
727 2975 983 3022 oraculum
1005 2986 1107 3020 non
1126 2987 1189 3021 ex
1208 2974 1358 3032 specu
1378 2976 1503 3023 Tro-

517 3038 689 3101 phonii
706 3072 723 3098 ,
758 3037 839 3084 sed
859 3049 920 3084 ex
940 3037 1088 3093 adyto
1107 3038 1307 3085 Sallustii
1338 3038 1389 3084 in
1417 3040 1502 3100 Ju-

518 3106 672 3164 gurth.
709 3100 892 3160 opinor
912 3112 928 3146 t
942 3101 1153 3160 fitpeer'a
1171 3133 1187 3158 ‚
1216 3102 1395 3159 filerme
1426 3117 1502 3147 no-

515 3168 707 3216 brittanis
738 3165 913 3212 malum.
979 3167 1042 3210 At
1070 3163 1203 3210 MSS.
1236 3176 1400 3211 tamen
1431 3163 1504 3211 ni-

515 3231 584 3279 hil
620 3229 830 3287 babent,
874 3226 1003 3274 unde
1055 3226 1106 3273 id
1148 3224 1504 3283 confirmetur,

518 3293 656 3353 quod
691 3290 851 3339 dicis?
878 3290 970 3335 Sed
1019 3288 1143 3336 ratio
1178 3290 1224 3335 δι
1255 3288 1508 3343 judicandi

518 3358 760 3414 facultas,
789 3353 833 3400 δι
865 3352 1045 3399 veritas
1077 3350 1183 3409 ipsa
1211 3354 1416 3399 nullone
1453 3352 1505 3399 in

519 3424 640 3469 loco
675 3417 803 3474 apud
832 3426 883 3462 te
905 3414 1042 3463 sunt?
1073 3415 1313 3462 deberent
1350 3426 1506 3473 certe,

520 3484 607 3531 nili
620 3493 668 3530 te
686 3478 856 3528 abillis
873 3477 1109 3526 semotum
1131 3477 1223 3524 ess‘e
1237 3476 1505 3536 profiteris,

519 3547 704 3595 annn.
774 3540 914 3589 Genn'
959 3540 1176 3599 intellige
1221 3541 1505 3600 nobilium,

520 3608 653 3666 quod
682 3606 807 3654 adeo
845 3603 1002 3651 Fabro
1038 3602 1241 3663 placuit,
1267 3616 1321 3651 ut
1357 3604 1505 3651 refra-

515 3681 661 3727 gante
730 3666 1083 3724 exemplarium
1150 3666 1390 3714 consensu
1453 3670 1505 3713 ln

517 3743 705 3778 textum
744 3729 926 3777 admitti
955 3730 1294 3776 contenderet.
1339 3731 1503 3777 Oxou.

517 3795 641 3840 Puto
668 3795 832 3839 locum
871 3790 1010 3839 aliter
1045 3792 1325 3841 curandum.
1354 3792 1506 3840 Nem-

516 3867 584 3917 pe
612 3855 730 3902 illud
776 3856 903 3913 genn·
956 3853 1181 3901 existimo
1221 3866 1504 3913 cot-mptum

515 3929 609 3978 per
646 3915 928 3972 scripturam
967 3917 1370 3974 compendiosam
1393 3951 1409 3975 ‚
1444 3929 1505 3964 ac

510 3993 605 4046 pro
663 3991 726 4029 eo
763 3979 1051 4036 ponendum
1102 3981 1300 4043 gentili,
1327 3980 1503 4027 delen·

2392 936 2533 985 rum
2552 967 2578 1001 ,

1576 1092 1693 1140 dum
1730 1102 1891 1141 autem
1923 1093 2221 1150 vocabulum
2252 1081 2397 1154 xae'nfi'm
2417 1129 2436 1155 ‚
2462 1106 2569 1143 tan-

1576 1167 1719 1213 quam
1756 1158 1817 1203 w?
1847 1158 2030 1216 gentilis
2064 1156 2274 1215 glolsam.
2317 1157 2396 1204 13st
2435 1158 2569 1205 enim

1562 1219 1775 1278 fieperbt'a
1825 1221 2038 1278 gentilis,
2083 1231 2210 1276 quae
2269 1218 2381 1266 huic
2433 1219 2569 1279 genti

1576 1282 1708 1328 inlita
1755 1280 1848 1327 Nili
1888 1282 2100 1344 ⁴retinet-e
2138 1282 2268 1341 iqln'm
2305 1285 2569 1343 malumus,

1577 1345 1621 1391 ἃ
1656 1345 1828 1390 delere
1865 1346 2089 1391 alterum.
2119 1347 2318 1390 Senam

1639 1409 1734 1469 ,an'
1762 1422 1855 1452 cum
1872 1440 1888 1461 ,
1906 1407 2034 1456 Inlita
2050 1409 2176 1468 genti
2197 1406 2409 1467 siper-bia
2428 1440 2445 1464 .‚
2465 1421 2567 1454 crn-

1574 1470 1733 1517 deliter
1751 1472 1798 1516 in
1821 1472 1986 1529 plebem
2012 1469 2246 1527 confideret
2262 1468 2319 1531 ‚J
2350 1471 2459 1516 lloc
2478 1469 2569 1526 est,

1576 1544 1689 1580 cum
1732 1532 1780 1580 in
1819 1533 2017 1590 plebem
2056 1531 2338 1592 saevirent,
2385 1543 2445 1579 ac
2475 1531 2565 1578 im-

1576 1606 1808 1652 potenter
1857 1594 2132 1642 inhiberent
2179 1594 2437 1654 imperium
2473 1607 2572 1652 pro

1577 1658 1771 1717 ingenio
1807 1656 1939 1705 illius
1974 1657 2164 1717 gentis,
2192 1670 2286 1716 pro
2317 1657 2400 1704 illa
2438 1669 2567 1714 quae

1578 1721 1709 1769 inlita
1742 1719 1811 1767 est
1848 1720 2023 1768 Atticis
2050 1720 2276 1779 superbia
2315 1754 2333 1779 ‚
2368 1730 2418 1768 ut
2453 1720 2559 1776 qui-

1579 1796 1772 1843 cunque
1809 1794 1871 1830 ex
1924 1783 2021 1841 ils,
2057 1784 2154 1830 five
2190 1783 2277 1830 lint
2311 1795 2375 1829 ex
2407 1794 2565 1840 popu-

1578 1848 1668 1905 lo,
1702 1848 1798 1894 live
1854 1858 1917 1892 ex
1958 1845 2245 1905 nobilibus,
2295 1846 2353 1892 ad
2405 1845 2565 1903 impc-

1578 1908 1707 1957 rinm
1742 1911 2076 1968 provehuntur
2111 1910 2207 1954 tale
2229 1941 2245 1966 ‚
2275 1919 2329 1955 ut
2358 1906 2449 1954 soli
2490 1919 2569 1953 re·

1576 1985 1686 2020 rum
1726 1971 2009 2031 potiantur,
2049 1982 2243 2018 ceteros
2283 1970 2420 2019 cives
2457 1982 2567 2029 pre·

1576 2045 1737 2094 mant,
1763 2047 1963 2082 vexent.
2005 2034 2310 2092 superbeque
2343 2034 2573 2081 habeant·

1574 2097 1704 2146 Nihil
1762 2097 1843 2144 hic
1899 2097 2046 2144 video
2101 2096 2394 2144 difficultatis
2417 2129 2434 2153 ,
2482 2108 2573 2143 cur

1576 2173 1746 2208 contra
1793 2160 2015 2207 omnium
2051 2159 2275 2208 codicum
2311 2158 2572 2208 auctorita·

1575 2236 1675 2272 tem
1730 2222 1810 2270 liic
1854 2224 1994 2270 locus
2048 2222 2099 2269 fit
2152 2222 2525 2281 interpolandus
2551 2254 2569 2281 ,

1578 2299 1660 2335 aut
1713 2286 1920 2333 mendae
1978 2284 2229 2344 suspectus
2299 2285 2567 2333 habendus.

1576 2353 1778 2398 Senatus
1823 2361 1926 2396 non
1983 2359 2086 2395 erat
2136 2360 2253 2407 gens
2273 2380 2291 2406 ‚
2342 2347 2426 2395 sed
2466 2357 2576 2395 erat

1580 2426 1645 2461 ex
1678 2413 1762 2460 illa
1794 2423 1939 2472 gente
1959 2411 2073 2471 ‚cui
2091 2411 2225 2460 inlita
2262 2423 2368 2459 erat
2401 2409 2570 2470 super·

1579 2476 1659 2524 bia
1680 2510 1698 2536 ,
1726 2477 1789 2523 de
1825 2488 1920 2532 qua
1954 2474 2001 2522 δι
2038 2474 2185 2535 saepe
2240 2474 2321 2521 alii
2362 2474 2572 2531 scripto-

1578 2552 1658 2587 res
1705 2537 1858 2598 questi
1908 2537 2031 2586 sunt.
2098 2536 2181 2597 qui
2233 2536 2571 2595 'l'lmcydidem

1576 2605 1834 2660 legerunt,
1878 2599 1925 2648 id
1959 2612 2061 2648 non
2096 2599 2285 2660 possunt
2323 2600 2564 2659 ignor-ere.

1575 2667 1833 2712 Praeterea
1878 2675 1975 2710 nec
2024 2662 2075 2710 in
2130 2674 2235 2721 rep.
2293 2663 2570 2711 Atheniensi

1578 2740 1674 2775 nec
1708 2728 1932 2775 Romana
1974 2726 2164 2774 senatus
2200 2725 2294 2773 fuit
2323 2725 2572 2773 nobilitas.

1579 2790 1729 2839 Multi
1761 2790 2044 2847 legebantur
2081 2801 2145 2836 ex
2192 2790 2342 2847 plebe
2379 2790 2572 2837 senato·

1579 2866 1693 2910 res,
1740 2863 1850 2899 cum
1903 2847 2143 2900 senatoria
2191 2851 2395 2910 dignitas
2435 2865 2573 2899 com-

1578 2914 1826 2963 municata
1844 2912 1934 2962 suit
1971 2927 2082 2961 cum
2113 2917 2321 2974 populo.
2349 2916 2575 2971 Marius»,

1579 2978 1760 3026 Cicero
1802 3011 1833 3038 „
1864 2978 1909 3024 δε
1961 2989 2084 3037 quot
2119 2977 2203 3035 alii
2247 2977 2449 3025 fuorunt
2502 2978 2576 3025 se-

1578 3053 1774 3089 natores
1809 3073 1826 3097 ‚
1865 3039 1949 3087 sed
1996 3053 2099 3087 non
2153 3040 2386 3101 nobiles,
2435 3052 2574 3089 ante-³

1579 3116 1723 3162 quam
1764 3103 1823 3151 ad
1851 3100 2064 3157 majores
2116 3103 2415 3163 magistratus
2454 3117 2574 3151 eve·

1578 3169 1823 3215 hex-entur.
1851 3166 2050 3215 GnAssv.

1645 3230 1693 3278 6.
1720 3226 2006 3290 Revereatur]
2053 3228 2106 3275 Id
2162 3228 2306 3276 valde
2362 3240 2574 3275 conten-

1578 3293 1727 3340 dente
1757 3291 1984 3339 Pisandro
2007 3291 2083 3350 ,δι
2126 3290 2239 3339 aliis
2281 3292 2572 3350 optimatum

1579 3355 1865 3403 fautoribus.
1905 3354 2123 3409 Uinicyd.
2164 3367 2309 3403 viu.
2349 3365 2424 3409 13.
2453 3354 2572 3400 Pro·

1580 3420 1670 3466 bus
1710 3432 1737 3466 a
1793 3416 2023 3465 Pisandro
2056 3417 2332 3464 destitutum
2389 3416 2572 3464 scribit·

1576 3482 1833 3528 Bonmns.
1855 3479 2118 3527 Annitente
2135 3480 2400 3540 praecipue
2420 3478 2571 3527 Thra·

1582 3544 1760 3603 sybulo
1797 3543 2013 3599 Thucyd.
2050 3556 2158 3590 vm.
2182 3555 2254 3599 13.
2281 3554 2359 3598 13.
2389 3544 2572 3590 &Pro-

1580 3608 1670 3655 bus
1699 3606 1748 3653 in
1783 3604 1942 3653 Alcib.
1968 3605 2193 3653 nutu-tec.

1644 3667 1789 3732 Dux]
1825 3670 2044 3716 Probus:
2082 3672 2293 3718 Praetor.
2360 3674 2582 3725 Στριτη·

1580 3748 1662 3792 με
1694 3734 1932 3780 Plutarch.
1968 3732 2017 3779 in
2056 3732 2221 3782 Alcib.
2269 3734 2382 3781 Huc
2416 3744 2577 3790 usquo

1581 3794 1933 3853 Thucydides,
1983 3806 2132 3853 quem
2188 3796 2379 3853 excipit
2410 3795 2579 3846 xeno·

1581 3858 1731 3915 phou.
1759 3859 2015 3905 BONGARS.
2060 3858 2180 3906 Eam
2213 3862 2450 3921 συυίχιιαν
2484 3871 2573 3906 no·-

1581 3930 1647 3967 tat
1682 3921 2005 3968 &Diodorus
2040 3933 2192 3968 x111.
2226 3936 2306 3982 42.
2345 3923 2573 3969 Benntc‘.

1638 3992 1686 4040 7.
1711 3986 1912 4032 Athenas
1930 3983 2116 4048 mittit]
2143 3985 2250 4034 MS.
2282 3987 2328 4035 dt
2360 3987 2533 4051 Juntae
2552 4014 2574 4039 ‚

2458 4045 2580 4107 firi-
