2894 4823
593 363 694 447 P
816 357 2046 445 RAEFATIO.

216 572 515 662 quorum
576 555 986 661 copiam
1073 573 1219 632 ex·
1285 546 1760 634 Bibliotheca
1801 547 2175 660 lugduno
2208 553 2463 637 Bata·

222 687 315 745 va
378 661 572 745 mibi
667 661 1201 772 praebuit
1270 658 1707 745 humanitas
1777 662 2268 746 Celeberrimi
2327 668 2461 749 Vi-

234 778 297 856 ri
318 835 342 874 ,
396 774 863 883 Wolferdi
951 771 1481 879 Senguerdii
1501 833 1528 872 ,
1579 774 1904 883 ejusdem
1943 773 2456 860 Bibliothecae

241 885 658 995 Praesesti.
778 954 790 958 -
826 891 1195 972 Primo
1236 888 1487 991 igitur
1526 901 1868 996 quatuor
1913 887 2154 970 MSS.
2192 911 2298 970 ex
2335 913 2459 971 ea-

253 999 397 1081 dem
460 998 1053 1084 Bibliotheca
1131 997 1469 1092 evolvi,
1598 1022 1863 1080 uorum
1902 997 2079 1082 duos
2131 1003 2323 1081 Avo
2371 1024 2454 1080 u-

262 1112 507 1195 tendos
537 1114 744 1195 olim'
777 1108 1207 1193 dederat
1258 1108 1363 1190 Cl.
1398 1024 1700 1221 Voffius.
1801 1112 1918 1195 Hi
1974 1136 2258 1211 omnes,
2323 1127 2451 1195 at-

284 1251 415 1333 que
452 1230 690 1309 etiam
738 1227 1151 1335 quintus
1174 1281 1197 1311 ,
1224 1246 1433 1331 quem
1459 1226 1763 1306 Parens
1793 1219 2204 1331 confieluit‚
2227 1222 2464 1306 metm

297 1337 650 1419 branacei
691 1350 1017 1420 erant.
1080 1335 1436 1416 Praeter
1467 1331 1595 1416 hos
1619 1340 1854 1418 etiam
1889 1332 2297 1418 chartaceo
2334 1360 2445 1417 co·

309 1447 456 1530 dice
476 1504 506 1547 ,
525 1474 742 1557 quem
768 1448 910 1531 CI.
952 1448 1444 1530 Perizonius
1461 1446 1692 1530 eidem
1715 1445 2223 1537 Bibliothecae
2240 1447 2447 1553 lega-

324 1576 561 1642 verat
584 1620 611 1658 ‚
632 1561 813 1665 usus
845 1554 1081 1668 suin.
1163 1556 1358 1638 Tum
1404 1584 1691 1670 quoque
1741 1557 2076 1642 Londini
2106 1560 2443 1663 codicem,

335 1676 461 1779 qui
521 1671 1089 1754 Bibliothecae
1155 1667 1450 1778 Regiae
1502 1687 1732 1769 erat,
1790 1667 1901 1771 69⁹
1947 1670 2298 1753 Oxoniae
2331 1670 2445 1753 al-

350 1801 599 1864 terum
644 1807 742 1863 ex
794 1777 1304 1864 Bibliotheca
1345 1783 1655 1892 Collegii
1688 1782 1952 1884 Novi,
2017 1781 2438 1866 Cantabri·

353 1897 524 1997 giae
587 1916 784 1974 vero
856 1896 1281 1995 Excerpta
1334 1897 1704 2004 quaedam
1776 1892 2075 2000 Justini
2131 1889 2434 2001 excuffi.

369 2005 632 2086 Trium
670 2000 992 2114 insuper
1014 2000 1494 2112 scriptorum
1546 2005 1920 2089 librorum
1973 2005 2438 2089 collationem

384 2131 523 2222 pro
558 2115 850 2223 summo
908 2120 994 2198 in
1054 2141 1169 2197 me
1188 2113 1440 2222 studio
1481 2118 1829 2201 exhibuit
1877 2120 2029 2200 Vir
2073 2117 2428 2200 undecun-

383 2251 529 2338 que
586 2223 1069 2336 DoHffmus
1111 2288 1137 2328 ,
1216 2231 1703 2314 Laurentius
1760 2229 2192 2312 Theodorus
2231 2232 2437 2311 Gro-

379 2343 649 2423 novius
673 2399 698 2440 ‚
758 2344 1121 2423 Patruus
1144 2396 1170 2439 ‚
1225 2348 1344 2425 cui
1379 2346 1628 2426 omnia
1653 2347 1972 2451 pietatis
2010 2339 2249 2448 officia
2281 2336 2435 2446 posi

375 2468 735 2562 parentes
776 2451 1001 2534 debeo
1020 2481 1048 2535 .·
1067 2451 1207 2536 duo
1243 2459 1547 2565 priores
1583 2479 1686 2538 ex
1723 2450 2238 2537 Bibliothecae
2270 2450 2437 2534 Me·

373 2564 629 2647 diceae
666 2563 985 2672 scriniis
1043 2563 1418 2665 depromti
1472 2584 1707 2650 erant
1724 2592 1759 2662 ,·
1835 2568 2124 2649 tertius
2161 2587 2353 2647 vero
2389 2590 2433 2648 e

372 2677 857 2761 Bibliotheca
899 2677 1231 2785 Illustris
1271 2682 1498 2774 Viri,
1549 2695 1677 2762 nec
1713 2683 1956 2762 minus
1994 2675 2427 2761 humanita-

370 2806 458 2872 te
514 2814 743 2899 quam
778 2784 1079 2896 summa
1135 2792 1559 2894 eruditione
1620 2788 2029 2900 conspicui,
2098 2791 2430 2873 Antonii

366 2899 952 3011 stlagliabequii
995 2963 1020 3000 ‚
1091 2907 1300 3010 cujus
1350 2903 1698 3014 infignem
1716 2901 2089 3010 favorem
2125 2905 2429 2986 Parens

363 3020 877 3118 patruusque
926 3015 1220 3097 abunde
1270 3021 1582 3126 experti
1614 3016 1964 3124 fuerunt.
2077 3017 2430 3098 Praeter

369 3127 565 3211 baec
622 3123 1051 3229 institutum
1129 3154 1364 3211 meum
1411 3133 1634 3239 juvit
1696 3127 2001 3212 collatio
2060 3129 2426 3211 Paterna

365 3239 643 3324 codicis
692 3236 1089 3322 Thuanaei
1142 3244 1198 3342 †.
1302 3245 1562 3326 Porro
1616 3244 1850 3325 etiam
1908 3237 2099 3321 duas
2153 3257 2454 3349 easque·

369 3369 690 3436 tanturn
728 3375 872 3432 non
906 3351 1282 3458 principes
1327 3352 1677 3435 editiones
1699 3410 1726 3453 ,
1747 3351 1942 3435 hanc
1976 3348 2076 3434 ab
2109 3349 2424 3431 Nicolao

374 3462 711 3574 Jenfimo
752 3468 963 3569 ‘typis
1015 3464 1456 3548 mandatam
1510 3489 1707 3547 anno
1753 3457 2420 3546 MCCCCLXX.

378 3578 581 3659 illam
617 3604 670 3658 a
720 3576 1073 3659 Conrado
1112 3576 1581 3686 Sweynheym
1610 3634 1636 3676 ‚
1669 3572 1781 3677 &⁹
1823 3572 2170 3657 Arnoldo
2217 3575 2420 3656 Pan·

387 3708 611 3773 nartz
669 3684 968 3780 Romae
1040 3688 1321 3774 editam
1388 3712 1590 3775 anno
1655 3683 2414 3771 MCCCCLXXII.

2215 3811 2220 3821 '
2257 3821 2424 3882 con·

467 3959 509 4042 †
549 3962 748 4056 Quem
783 3966 943 4034 Ms.
977 3968 1253 4048 optimae
1288 3982 1484 4034 notae
1528 3961 1710 4032 fuiss‘e
1740 3967 2045 4036 testantur
2072 3983 2267 4033 notae
2299 3963 2419 4029 Pa-

344 4063 587 4158 ⁸tertiae
610 4054 684 4119 ad
724 4053 1079 4119 Attianum
1115 4053 1221 4118 lib.
1251 4071 1321 4119 11.
1368 4070 1512 4137 cap.
1548 4070 1623 4117 ιι.
1667 4052 1748 4117 de
1773 4051 2032 4139 Exped.
2080 4054 2266 4120 Alex.
