2894 4823
458 379 667 440 mn
835 356 926 437 o.
990 362 1051 434 1.
1122 296 1513 437 vossn
1580 354 2167 457 JnmcrnM
2266 326 2275 340 '

459 525 547 597 ab
584 522 900 597 Arnoldo
929 520 1384 603 Terffornen.
1486 520 1623 594 Sed
1658 520 1796 595 hoc
1836 518 2071 595 seculo
2115 520 2212 595 illi
2255 520 2518 596 condo·

454 643 705 694 nemus
726 670 750 710 ‚
798 644 938 718 quo
980 621 1184 693 vixit.
1289 620 1399 693 Ac
1427 618 1913 692 eruditiffimos
1942 621 2159 693 etiam
2190 622 2378 694 viror
2405 620 2517 694 vi-

452 717 596 792 deo
644 717 783 792 esse
813 773 835 806 ‚
898 718 1016 811 qui
1060 715 1491 812 suspicentur
1526 714 1812 804 vixiffe,
1876 715 2235 813 postquam
2289 721 2517 815 impe-

452 819 635 891 rium
701 816 1105 898 translatum
1168 814 1303 888 fuit
1349 809 2073 901 Constantinopolim:
2137 815 2346 908 idque
2413 819 2512 889 ob

428 918 670 988 *verba
714 914 830 987 illa
880 913 999 986 lib.
1038 934 1207 986 vm.
1270 912 1612 987 Graeciam
1657 914 1855 986 etiam
1910 933 2154 986 nnuc
2209 909 2295 997 ὅ)
2343 914 2510 986 viri-

450 1016 574 1086 bus
601 1065 624 1099 ‚
690 1010 774 1094 ἐξ,
828 1012 1157 1106 dignitate
1188 1064 1213 1099 ‚
1272 1012 1443 1084 or'bis
1503 1027 1824 1084 terrarum
1872 1013 2254 1107 principem.
2369 1011 2512 1085 Sed

452 1132 692 1184 nnnc
740 1106 894 1182 istic
938 1131 1080 1182 non
1133 1106 1357 1205 signat
1408 1129 1681 1204 tempus
1714 1161 1737 1195 ,
1803 1131 1943 1204 quo
1989 1109 2294 1204 Justinus
2343 1110 2508 1183 scri-

453 1211 607 1295 bit;
644 1206 759 1279 sed
790 1206 881 1279 de
924 1229 1067 1302 quo
1112 1208 1367 1280 scribit.
1455 1203 1836 1308 Quomodo
1866 1204 2054 1279 idem
2090 1207 2326 1301 paullo
2356 1205 2512 1298 post

453 1308 592 1381 ait:
644 1301 729 1388 ὅ)
762 1306 917 1377 haec
949 1296 1335 1401 potiffimum
1354 1301 1594 1399 facere
1641 1303 2008 1391 Thebanos,
2080 1306 2504 1378 Lacedaemo·

452 1410 973 1499 niosque‚antea
1019 1406 1191 1475 inter
1226 1401 1294 1494 se
1327 1406 1812 1497 imperii,nunc
1842 1401 2157 1476 Graeciae
2189 1409 2512 1496 imperan-

452 1507 546 1577 tis
584 1503 883 1575 aemulos.
939 1503 1083 1575 Ubi
1125 1519 1365 1575 nunc
1390 1499 1640 1576 itidem
1663 1501 1873 1587 valet,
1892 1502 2004 1573 hoc
2035 1504 2521 1597 tempore,un

451 1603 849 1696 exponimus.
948 1599 1150 1672 Plane
1186 1620 1355 1671 vero
1388 1595 1631 1671 vixisse
1663 1598 1962 1673 arbitror
1995 1601 2113 1672 sub
2145 1600 2519 1673 Antonino

448 1701 621 1786 Pio,
669 1716 875 1792 atque
925 1696 1087 1770 huic
1126 1695 1488 1788 epitomen
1529 1696 1716 1769 suam
1757 1692 2032 1769 dicass‘e.
2134 1696 2214 1770 ld
2250 1696 2515 1792 colligo

449 1817 539 1870 ex
591 1798 825 1867 verbis
877 1792 1023 1865 istis
1066 1790 1527 1887 praefationis
1556 1847 1577 1878 ‚
1623 1794 1785 1889 qnod
1827 1794 1915 1865 ad
1970 1810 2036 1865 te
2065 1844 2091 1883 ,
2161 1801 2516 1889 imperator

418 1896 777 1971 ,Antonine
801 1943 827 1980 ,
873 1907 1154 1964 nontam
1182 1885 1587 1986 cognoſsendi
1615 1947 1635 1980 ,
1680 1916 1868 1986 quam
1905 1890 2279 1965 emendandi
2318 1910 2509 1965 caus·

429 1990 563 2091 sd,
619 1986 969 2089 trans-mist.
1072 1992 1179 2062 lta
1216 1989 1404 2061 enim
1438 1989 1697 2062 habent
1733 1988 2088 2062 editiones
2133 1992 2506 2087 antiquae,

446 2114 626 2185 quae
655 2140 681 2177 ,
733 2090 899 2184 quin
935 2088 1358 2161 MSStorum
1406 2086 1620 2161 fidem
1674 2085 1960 2161 secutae·
1993 2085 2304 2177 fuerint,
2353 2088 2505 2162 nul-

443 2188 550 2275 lus
599 2189 868 2260 dubito,
968 2185 1101 2258 Sed
1150 2185 1499 2281 objiciunt
1528 2239 1550 2271 ‚
1609 2185 1682 2259 in
1730 2185 2017 2279 optimis
2064 2187 2254 2261 libris
2305 2186 2500 2282 legi:

446 2287 607 2382 quod
631 2288 717 2359 ad
747 2302 811 2357 te
838 2307 957 2356 non
995 2300 1130 2356 tam
1161 2280 1572 2378 cognofiendi
1607 2289 1860 2380 magis,
1906 2308 2094 2379 quam
2129 2286 2503 2357 emendandi

453 2383 685 2482 caussa
708 2380 1093 2478 ,transmisi
1163 2381 1393 2484 Quam
1425 2383 1847 2457 MSStorum
1877 2380 2247 2458 lefflonem
2283 2384 2503 2476 etiam

442 2482 860 2579 Bongarfius
902 2480 1212 2554 retinuit.
1317 2480 1459 2553 Sed
1511 2479 1683 2553 nihil
1739 2479 2169 2555 manifestius
2195 2530 2227 2567 ,
2287 2504 2501 2577 quam

440 2603 587 2653 non
658 2580 758 2652 ita
823 2575 1147 2671 scripfiffe
1206 2575 1574 2672 justinum.
1697 2577 1867 2651 Nec
1933 2579 2123 2652 enim
2186 2601 2368 2652 ‘rau
2418 2577 2500 2653 δε

442 2697 721 2749 triers
768 2675 924 2747 satis
972 2676 1425 2747 conveniunt.
1530 2674 1721 2774 Quid
1774 2697 1946 2774 ergo
1978 2676 2017 2748 ‘3
2091 2698 2259 2750 num
2304 2676 2499 2749 dice·

442 2798 596 2848 mus
645 2795 962 2858 uicis,
1016 2791 1344 2868 tanquam
1383 2771 1802 2869 superfluum
1835 2826 1858 2862 ,
1907 2774 2063 2848 tolli
2106 2774 2496 2871 oportere?

439 2873 661 2969 Atqui
701 2893 844 2944 non
898 2867 1183 2942 videtur
1227 2869 1319 2942 de
1362 2871 1585 2944 nihilo
1636 2869 1815 2960 effe,
1861 2872 2048 2968 quod
2093 2873 2164 2946 in
2207 2873 2499 2967 optimis

436 2971 630 3045 libris
674 2968 954 3064 legitur.
1055 2965 1290 3070 Quare
1338 2989 1563 3063 puto,
1610 2968 1939 3066 scriptum
1983 2969 2209 3066 primo
2255 2967 2504 3060 fuiss‘e,

436 3067 630 3169 ‚Quod
657 3069 981 3139 Antonine
1015 3069 1123 3137 im.
1163 3089 1283 3138 non
1311 3069 1718 3163 cognoscendi
1762 3070 2019 3163 magis,
2063 3092 2251 3163 quam
2280 3092 2503 3141 emen·

434 3167 630 3239 dandi
674 3162 888 3260 cazffd
925 3160 1271 3256 transmisi.
1370 3165 1659 3260 Nempe
1688 3187 1774 3239 ex
1805 3168 2126 3239 Antonine
2155 3170 2266 3241 im.
2304 3165 2504 3239 fece-

436 3288 517 3338 re
547 3264 707 3354 ,νά
759 3280 824 3334 te
866 3285 1008 3334 non.
1119 3265 1231 3334 Ac
1282 3261 1443 3358 quia
1489 3261 1580 3336 fic
1630 3288 1751 3337 non
1819 3264 2304 3361 geminabatur
2338 3316 2359 3351 ‚
2413 3264 2495 3338 li-

434 3362 650 3436 brarii
698 3362 884 3433 hunc
928 3382 1238 3430 errorem
1282 3359 1758 3434 existimantes
1786 3416 1806 3449 ‚
1840 3363 2130 3435 alterum
2168 3357 2492 3435 omisere.

433 3460 531 3533 Et
576 3461 737 3535 sane
791 3458 1130 3554 justinum
1179 3457 1363 3531 hunc
1417 3456 1538 3531 sub
1583 3459 1946 3532 Antonino
1986 3456 2228 3534 vixiffe
2253 3510 2279 3550 ,
2324 3478 2494 3533 ante

432 3557 737 3632 seculum
778 3555 1129 3651 Philippus
1154 3553 1686 3655 Bergomas(*)
1710 3579 1835 3641 ,ac
1851 3557 2056 3652 Joan.
2095 3558 2493 3632 Aventinus

435 3652 851 3749 tradidere(
865 3652 1196 3749 ”):imo
1242 3654 1434 3724 idem
1465 3653 1612 3749 jam
1658 3674 1823 3727 ante
1877 3677 2093 3728 annos
2134 3675 2492 3729 trecentos

323 3773 345 3812 ἰ
430 3751 512 3827 in
547 3751 882 3825 chronico
912 3750 1034 3824 suo
1072 3746 1331 3843 scripfit
1360 3752 1713 3826 Martinus
1756 3753 2102 3827 Polonus:
2151 3752 2268 3830 sed
2300 3754 2492 3850 quod

1845 3881 1850 3888 =
2294 3851 2492 3928 idem

508 3972 627 4051 (¹⁸¹)
665 3971 796 4034 Lib.
828 3990 965 4035 vm.
995 3975 1112 4053 Sup
1152 3977 1189 4036 l.
1230 3975 1288 4035 in
1316 3978 1668 4054 temporibus
1687 3974 1964 4035 Antonlni
1986 3975 2094 4037 Pii.

501 4050 652 4130 (fi)
686 4052 756 4112 In
777 4051 877 4124 iis,
923 4068 1070 4130 quae
1147 4072 1180 4114 e
1210 4054 1575 4134 scriptoribus
1603 4056 1789 4133 primo
1813 4051 2122 4121 Annalium
2147 4053 2484 4140 praemittit.
